3967 5167
412 388 415 394 ¹
517 484 599 583 238
628 463 868 573 VIGLII
895 486 960 555 An
988 392 1647 559 AYTTA'ZUiCHEMI

522 664 611 739 adeo
629 662 753 735 teneris
775 657 841 731 effe
861 658 1004 738 animis,
1031 678 1072 731 ut
1086 657 1225 752 potius,
1244 656 1348 751 quim
1365 657 1569 731 dissimulare
1583 659 1718 755 aliquid

524 762 654 845 velint,
673 758 758 831 odia
775 756 970 847 diffidiaque
988 750 1045 824 sua
1067 775 1139 824 non
1155 756 1265 826 modo
1285 754 1427 849 publica
1443 752 1621 828 sedetiam
1636 779 1716 851 per·

525 879 633 952 petua
651 852 791 927 faciant.
828 849 923 923 Nam
939 850 1086 944 privatae
1101 845 1262 936 offensae‚
1288 854 1453 945 quamdiu
1477 852 1610 933 latent,
1634 854 1719 923 ami·

528 974 648 1024 corum
674 944 964 1021 interceffionibus
986 945 1223 1039 saepenumero
1240 947 1289 1019 ita
1305 946 1509 1034 abolentur,
1533 967 1574 1020 ut
1589 970 1637 1019 ex
1652 949 1717 1020 ini·

527 1048 626 1120 micis
649 1043 833 1117 amiciffimi
858 1040 951 1113 fiant.
1003 1044 1052 1111 At
1078 1042 1201 1113 litteris
1228 1062 1270 1113 ac
1290 1042 1383 1137 typis
1399 1042 1573 1135 evulgatae
1586 1044 1650 1115 vix
1664 1042 1718 1115 so·

525 1144 600 1215 lent
624 1140 688 1215 esse
713 1137 999 1212 reconciliabiies.
1050 1134 1211 1229 Quodsi
1237 1136 1370 1231 Restitit
1397 1139 1550 1211 editione
1576 1138 1719 1214 Institu-

525 1238 661 1310 tionum
684 1236 888 1316 Graecarum
909 1231 1143 1319 abstinuisset‚
1173 1236 1243 1327 jam
1272 1232 1344 1327 ipse
1369 1254 1429 1307 eas
1452 1232 1585 1307 rursum
1606 1239 1718 1331 praelo

527 1330 712 1417 dediffem,
736 1330 896 1403 omnibus
912 1329 1046 1399 mendis
1062 1328 1189 1421 quibus
1204 1326 1256 1399 illi
1270 1346 1477 1421 torquentur
1494 1351 1720 1426 expurgatas.

529 1429 639 1501 Nunc
655 1430 742 1503 verb
766 1426 929 1499 arianus
953 1422 1014 1496 sua
1030 1426 1151 1520 nequit
1168 1424 1360 1507 distrahere¹
1371 1429 1602 1521 exemplaria,
1627 1430 1721 1523 post·

526 1528 632 1618 'quam
657 1521 783 1619 Roscius
800 1544 855 1595 eas
873 1521 1027 1593 imitatus
1052 1519 1111 1591 est.
1162 1517 1212 1591 Et
1237 1543 1303 1613 ego
1329 1518 1352 1591 fi
1377 1524 1503 1595 iterum
1528 1524 1640 1617 praelo
1667 1526 1721 1619 ip·

530 1622 580 1693 sas
603 1617 829 1700 commisero,
852 1616 999 1689 videbor
1021 1612 1166 1687 fortaffls
1184 1618 1291 1705 Restio
1316 1615 1536 1711 dispendium
1556 1617 1694 1692 adferte
1704 1670 1721 1709 ,

531 1738 633 1809 quem
656 1718 769 1789 virum
794 1716 845 1785 uti
868 1731 1119 1809 praeceptorem
1136 1716 1251 1785 colere
1267 1734 1323 1783 me
1337 1735 1400 1807 par
1424 1710 1485 1787 est.
1535 1711 1650 1802 Quod
1663 1723 1736 1789 ve·'

447 1848 451 1855 ·
532 1815 574 1886 td
593 1814 716 1883 attinet
735 1811 777 1882 ad
795 1808 925 1903 septem
947 1810 1024 1881 loca
1038 1809 1251 1900 marginibus
1273 1806 1318 1879 ab
1334 1810 1444 1880 Curtio
1461 1830 1646 1901 annotata,
1671 1815 1724 1886 ni·
1831 1864 1843 1899 .

533 1908 583 1980 hil
600 1908 648 1980 est
670 1910 726 1981 iile
744 1904 944 1999 conjediura
965 1900 1079 1975 falsus.
1129 1902 1221 1975 Nam
1245 1902 1379 1995 Egnatit'
1401 1906 1599 1999 exemplar,
1625 1912 1725 2003 quod

536 2026 604 2099 ego
620 2003 789 2099 posterius
811 1999 929 2072 naftus
946 1998 1041 2083 sum,
1058 1999 1224 2094 quodque
1240 2001 1358 2089 priore
1375 2003 1493 2076 multis
1506 2005 1724 2078 locisemen·

536 2100 648 2173 datius
672 2098 738 2180 est,
764 2096 870 2169 babet
899 2091 1070 2188 virgini,
1100 2095 1184 2166 item
1215 2091 1355 2169 adnant:
1389 2099 1448 2169 illa
1466 2098 1726 2190 autemverba,
1803 2102 1805 2105 ⁴

538 2197 631 2283 χωρίς
652 2193 722 2270 tid
743 2192 957 2283 διαξευπκᾰυ,
985 2192 1129 2265 omnino
1152 2191 1292 2279 desunt,
1315 2190 1561 2287 superfluoque
1574 2194 1727 2288 inserta,

534 2318 600 2369 nec
619 2290 870 2387 posterioribus
901 2293 1005 2363 etiam
1030 2287 1237 2379 adglutinari
1258 2288 1398 2363 debent
1419 2296 1422 2300 ’
1449 2288 1646 2387 Utrumque
1663 2316 1726 2367 au·

393 2398 395 2403 .
534 2412 605 2465 tem
626 2378 802 2483 euemfflar
814 2410 929 2459 meum
947 2382 1055 2457 habet
1081 2380 1183 2473 dadi,
1212 2387 1397 2478 legendum
1413 2382 1464 2459 est
1480 2385 1597 2478 '‘M'’
1626 2387 1725 2464 &de
1792 2417 1797 2426 .

534 2486 698 2581 sportulis
723 2484 838 2557 nostra
863 2484 970 2556 editio
995 2480 1137 2573 utrique
1163 2483 1354 2575 exemplati
1378 2480 1511 2576 scripto
1535 2482 1726 2557 conformia

535 2582 596 2659 est.
652 2578 853 2674 Legendum
877 2581 960 2649 item
990 2576 1109 2667 finiar.
1141 2573 1196 2662 lie
1217 2578 1271 2649 hia
1302 2576 1485 2673 multisque
1513 2580 1590 2655 aliis
1617 2580 1731 2675 digla-

536 2678 656 2751 diandi
675 2675 789 2767 ansam
815 2672 961 2745 secunda
984 2696 1060 2745 mea
1079 2673 1188 2745 editio
1207 2670 1310 2745 facile
1340 2672 1571 2766 madidet,
1604 2674 1732 2749 neam

440 2810 442 2815 ⁸
538 2770 722 2869 expediere
749 2766 943 2843 voluiffent.
994 2769 1173 2861 Quoniam
1191 2770 1280 2842 verb
1301 2772 1446 2843 Curtium
1463 2769 1582 2846 scribit
1601 2768 1734 2848 verfio·

539 2894 617 2941 nem
633 2866 726 2938 suam
742 2868 901 2955 elimare,
924 2868 1057 2960 poteria
1084 2865 1216 2936 homini
1240 2866 1306 2938 tibi
1323 2867 1436 2939 amico
1458 2866 1497 2940 ἃ
1524 2868 1611 2941 mihi
1629 2866 1732 2963 iguo·

539 2988 600 3051 to,
625 2986 734 3035 meam
760 2960 887 3033 offerre
908 2984 1072 3055 operam,
1096 2982 1135 3032 ut
1159 2957 1185 3030 st
1210 2962 1295 3053 quid
1321 2983 1400 3033 eum
1424 2960 1507 3035 aiibi
1526 2965 1565 3037 in
1589 2962 1732 3039 Graecie

540 3058 795 3152 exemplaribus
816 3054 1025 3141 offenderit,
1050 3058 1087 3130 id
1111 3054 1196 3127 mihi
1224 3056 1375 3130 indicet:
1400 3059 1630 3153 nequeenim
1653 3082 1734 3155 gra·

539 3157 650 3230 vabor
673 3176 747 3227 rem
765 3150 920 3226 studiofis
937 3152 1057 3236 utilem
1073 3174 1141 3249 pro
1153 3150 1232 3223 med
1248 3154 1340 3225 virili
1351 3152 1421 3226 nna
1437 3176 1667 3249 promovere,
1691 3154 1736 3233 et

542 3274 658 3324 tamen
673 3252 771 3345 lege,
797 3269 836 3321 ut
861 3246 903 3319 ab
929 3250 1058 3319 Nunnio
1087 3247 1260 3321 abstineat.
1311 3246 1406 3323 Nam
1429 3251 1459 3322 is
1478 3252 1565 3324 mihi
1585 3272 1658 3324 non
1681 3254 1734 3324 in-

544 3346 667 3419 doetus
689 3350 743 3418 vir
762 3345 827 3419 eise
842 3344 1000 3430 videtur,
1026 3342 1156 3438 &ejus
1175 3342 1286 3416 causae
1303 3344 1433 3440 Rescittt
1452 3346 1588 3435 noster,
1612 3350 1674 3443 qui
1688 3348 1736 3424 de
1791 3422 1794 3429 ,

541 3444 680 3517 Graecis
699 3442 817 3515 studiis
836 3440 968 3536 optime
984 3442 1126 3513 meritus
1141 3436 1209 3527 est,
1235 3440 1406 3529 adhaeret,
1431 3438 1473 3514 dt·
1497 3463 1601 3540 quern
1615 3466 1738 3520 omnes

542 3540 614 3613 fere
637 3536 749 3612 nostri¹
763 3540 933 3633 aequales,
959 3538 1091 3633 quique
1113 3532 1193 3631 post
1215 3560 1278 3608 nos
1294 3536 1440 3610 Graecar
1466 3536 1623 3613 Litteras
1647 3542 1738 3615 didi·
1878 3613 1879 3616 ,

538 3658 693 3727 cerunt,
726 3653 982 3733 pmceptotem
1006 3632 1213 3711 habuerunt.
1262 3630 1360 3708 Loca
1381 3631 1425 3707 ab
1447 3634 1576 3710 Nunnio
1596 3656 1739 3807 notaetas,

691 3748 694 3751 ’
1182 3782 1185 3787 ,
1726 3752 1739 3806 ι

540 3913 632 3981 Vide
651 3913 729 3982 Brit.
749 3911 833 3995 Belg.
857 3910 933 3977 Vol.
946 3908 1046 3976 Andr.
1056 3911 1099 3977 ad
1117 3912 1256 3977 iliorum
1267 3906 1427 3985 nomina,
1450 3908 1487 3977 ἁ
1503 3908 1599 3995 Vtglr‘i
1611 3910 1739 3977 Zuutn-
1807 3940 1817 3956 ⁴

543 4005 594 4065 ani.
637 3998 709 4063 Scri
738 3996 776 4062 sit
795 3995 960 4071 Nunnius,
982 3992 1197 4060 Annoton'onet
1217 4001 1251 4058 in
1270 3992 1467 4076 Iussitun'ones
1485 3993 1579 4075 Jntit
1604 3994 1741 4074 (lividis,

543 4080 689 4148 Gratia
712 4017 864 4165 &beophilo
884 4080 1001 4163 versos.
1045 4076 1186 4145 Lovont't‘
1208 4083 1302 4159 1536.
1323 4084 1355 4142 in
1377 4094 1410 4163 4.
1430 4077 1538 4143 Item:
1558 4076 1742 4163 Apologt'om

538 4182 596 4251 pro
623 4162 870 4228 Annototionibus
896 4170 928 4228 in
956 4160 1157 4309 Irssirun'ones
1180 4168 1262 4244 juris
1291 4162 1431 4239 Civilis,
1462 4177 1565 4227 cotnra
1593 4160 1745 4245 Jatotun

544 4249 700 4315 Curtium.
723 4246 860 4313 Louanit'
881 4254 912 4311 t'n
931 4264 962 4332 4.
1000 4259 1091 4313 tem:
1124 4247 1167 4313 in
1197 4265 1227 4315 1.
1246 4247 1318 4314 vol.
1339 4243 1487 4314 thesauri
1508 4244 1635 4315 critici
1656 4244 1746 4317 Gni-

540 4338 606 4401 teri.
625 4328 716 4399 Vide
735 4328 880 4401 Nicone
900 4344 969 4399 tom.
990 4344 1044 4413 37.
