3967 5167
456 443 547 566 'aa
569 454 811 564 vrourr
841 481 909 550 ln
938 451 1207 562 AYTTA
1241 435 1632 552 ZUICHEMI.

488 661 571 740 ilrnt
585 658 762 747 admoliti,
786 679 828 732 ea
847 654 981 732 enimsi
1005 653 1099 731 reste
1120 654 1348 741 adhibeatur,
1371 656 1486 732 lucem
1505 657 1694 738 maximam

493 755 641 837 confuse
667 755 803 830 traditis
824 753 948 828 adfert.
1001 751 1119 847 Quam
1145 753 1254 850 pauoi
1280 751 1387 848 plene
1415 751 1573 840 diseunt,
1610 753 1700 830 &li

494 857 559 955 qui
574 879 619 928 ex
633 853 758 925 nostris
774 851 995 938 didicerunt,
1018 848 1095 924 fere
1117 871 1191 924 tum
1210 848 1313 923 obliti
1338 849 1445 940 sunt,
1471 849 1551 926 eiam
1574 849 1610 926 l'e
1627 849 1700 926 for-

495 977 533 1029 te
557 947 808 1045 interpretandi
839 945 920 1020 usus
945 945 1063 1020 offert.
1112 947 1192 1040 Jam
1214 965 1261 1020 ut·
1282 949 1386 1022 etiam
1408 967 1590 1022 teneamus
1608 947 1702 1024 ordi·

497 1073 576 1126 nem
596 1045 780 1133 tradendi,
805 1067 875 1118 non
899 1045 1016 1141 quivis
1041 1043 1147 1120 habet
1172 1043 1362 1140 judicium,
1394 1065 1469 1140 quo
1498 1064 1639 1140 aequum
1661 1041 1702 1120 ἃ

498 1147 678 1238 iniquum,
712 1138 819 1214 fimile
853 1140 891 1214 δι
914 1139 1069 1214 diffimile
1094 1137 1290 1226 discernat,
1325 1139 1565 1236 rationemque
1591 1143 1705 1240 legiti·

500 1262 635 1317 marum
660 1236 958 1311 Constitutionum
977 1238 1160 1334 percipiat.
1212 1235 1285 1310 Alii
1307 1238 1386 1314 baec
1416 1240 1532 1312 omnia
1559 1233 1703 1327 tenent,¹

500 1337 560 1414 sed
578 1336 769 1430 eloquendi
797 1349 872 1409 arte
896 1353 1038 1424 carent,
1062 1337 1097 1406 in
1122 1331 1329 1428 paucissumis
1358 1335 1447 1410 verb
1479 1335 1597 1410 omnia
1623 1335 1702 1410 haec

500 1437 598 1520 sunt,
624 1453 704 1528 quae
732 1432 959 1525 requirimus,
984 1451 1025 1503 ot
1055 1427 1152 1504 teile
1175 1431 1434 1505 commentandi
1458 1449 1605 1506 conatus
1631 1429 1736 1506 suo.

504 1532 617 1607 cedat.
669 1528 728 1600 An
746 1547 784 1600 tu
802 1549 877 1601 non
891 1531 961 1623 jam
983 1526 1117 1602 dudum
1134 1524 1235 1600 lelius
1254 1552 1313 1615 et,
1327 1527 1462 1623 optime
1486 1527 1703 1616 Amerbachi,

504 1628 589 1702 meia
606 1626 708 1720 ungis
729 1620 768 1696 bt
791 1625 1030 1719 loquacitate?
1056 1623 1125 1698 Sed
1155 1643 1270 1699 tamen
1292 1619 1372 1698 cum
1397 1641 1437 1696 tu
1466 1623 1564 1698 hunc
1585 1627 1704 1698 locum
1819 1668 1822 1674 ·

504 1719 733 1822 patefeceris,
757 1718 1044 1815 occasionemque
1066 1719 1154 1792 mihi
1179 1719 1356 1816 cogitandi
1379 1717 1535 1796 dederis:
1561 1719 1705 1796 viciffim

506 1821 574 1898 tibi
604 1820 702 1892 volui
721 1838 801 1910 qua
826 1817 988 1891 sentirem
1007 1839 1203 1910 exponere,
1229 1839 1304 1914 quo
1319 1835 1358 1888 tu
1372 1817 1451 1891 haec
1466 1817 1540 1914 ipsa
1563 1816 1706 1893 uberius

481 1943 484 1949 ·
508 1914 710 2000 trastandoa
736 1913 815 1987 cium
830 1915 897 1988 erit
921 1932 1181 2009 opportunum,
1206 1935 1288 2004 quae
1310 1912 1377 1987 tibi
1400 1913 1605 1989 viderentur
1628 1936 1707 2010 pet·
1737 1977 1741 1985 .

392 2050 404 2066 .
508 2013 687 2088 scriberet.
723 2008 817 2082 'Hic
847 2029 962 2084 autem
990 2009 1164 2082 neminem
1187 2011 1321 2098 habeo,
1348 2031 1428 2084 cum
1452 2033 1524 2102 quo
1549 2011 1594 2086 de
1621 2005 1706 2106 ejus·

508 2111 606 2183 motii
636 2131 673 2182 re
693 2105 891 2198 deliberem.
938 2105 989 2178 Et
1006 2105 1067 2201 qui
1082 2103 1200 2178 sanum
1222 2104 1349 2202 quaerit
1373 2104 1574 2191 confilium,
1601 2109 1709 2202 opor·

509 2222 561 2279 tet
576 2226 616 2279 ut
635 2206 678 2278 ad
696 2205 849 2300 peritos,
873 2199 911 2276 id
933 2203 1070 2298 dequo
1098 2201 1263 2297 ambigit,
1288 2197 1429 2276 referat.
1480 2199 1575 2278 Volo
1590 2225 1707 2280 autem

509 2302 571 2375 hlc
594 2304 727 2396 peritos
746 2324 817 2373 non
844 2318 977 2374 tantum
992 2300 1189 2386 literarum,
1214 2296 1271 2372 sed
1302 2299 1406 2372 etiam
1437 2293 1528 2392 Jutis
1540 2350 1551 2386 ,
1576 2301 1706 2399 quique

510 2395 550 2471 δι
565 2398 659 2471 iilam
677 2399 784 2493 ipsam
802 2394 1060 2472 commentandi
1080 2395 1248 2470 rationem
1274 2413 1411 2480 teneat,
1446 2418 1516 2489 qua
1546 2396 1707 2472 damnata

509 2495 690 2570 meliorem
705 2492 906 2567 scrutamur.
954 2489 1057 2564 Male
1073 2491 1165 2565 enim
1180 2490 1391 2566 condemnat
1407 2494 1469 2586 qui
1484 2490 1619 2566 cansam
1636 2509 1709 2566 non

512 2594 690 2686 cognovit.
715 2588 796 2684 Ego
810 2612 898 2663 vero
914 2595 969 2669 t'e,
984 2588 1033 2660 mi
1049 2587 1241 2662 Amerbachi
1250 2638 1261 2674 ,
1281 2585 1352 2662 scio
1373 2589 1410 2658 in
1431 2591 1594 2662 omnibus
1618 2590 1710 2686 opti-

511 2691 576 2760 mis
596 2686 785 2781 disciplinis
804 2682 945 2781 egregii.
964 2679 1158 2770 versutum,
1182 2684 1225 2756 de
1243 2705 1315 2778 quo
1332 2685 1435 2758 unius
1461 2683 1587 2776 Erasini
1604 2683 1649 2756 de
1674 2706 1709 2758 te

512 2781 637 2856 sufficit
658 2783 836 2874 elogium,
862 2780 943 2853 etim
967 2797 1008 2849 tu
1026 2801 1195 2874 praterea
1212 2778 1256 2854 ab
1277 2779 1440 2853 omnibus
1458 2776 1533 2854 fere
1560 2779 1706 2854 eruditio

513 2881 607 2953 veris
624 2880 825 2952 Germaniae
838 2873 965 2948 nostrae
984 2877 1171 2949 celebrere.
1220 2873 1263 2948 In
1277 2873 1364 2968 Jure
1383 2872 1470 2952 verb
1480 2925 1492 2961 ,
1517 2879 1574 2951 cui
1589 2877 1710 2974 potios

515 2975 658 3048 credam
678 2971 784 3070 quim
809 2970 965 3045 maximis
990 2971 1158 3068 magistris
1191 2971 1293 3044 Zoaio
1318 2970 1355 3046 δι
1387 2973 1531 3056 Aleion,
1559 2995 1709 3070 quorum

516 3091 666 3166 uterque
690 3069 856 3142 summam
885 3068 951 3142 tibi
969 3067 1107 3140 laudem
1122 3069 1158 3140 in
1177 3065 1452 3164 Jurisprudeotia·
1474 3067 1607 3146 tribuit.
1645 3066 1706 3144 Τιι

516 3170 632 3262 itaque
647 3169 692 3240 da
708 3164 826 3260 quael'o
846 3183 989 3260 operam
1018 3185 1085 3257 pro
1110 3163 1262 3236 amicitie
1289 3161 1420 3252 nostra,
1454 3185 1493 3238 ut
1516 3166 1709 3262 intelligam

517 3287 586 3359 qua
611 3265 745 3349 ratione
763 3260 836 3334 lieri
851 3258 947 3356 poll’e
964 3257 1153 3340 existimes,
1181 3282 1219 3333 ut
1233 3257 1504 3358 Jurisptudentia
1523 3283 1711 3362 repurgata

517 3379 628 3430 atam
647 3358 734 3434 ledis
751 3359 939 3450 multorum
967 3357 1224 3430 commentariis
1232 3406 1243 3441 ,
1269 3353 1314 3428 ad
1338 3355 1517 3449 pristinum
1548 3359 1711 3432 decorem

517 3467 624 3550 queat
640 3455 790 3543 restitui,
816 3459 873 3526 vel
901 3452 927 3528 sr
942 3449 1006 3524 tibi
1023 3454 1125 3526 etiam
1141 3475 1213 3523 non
1237 3449 1315 3524 satis
1329 3453 1447 3546 placet
1462 3451 1631 3528 Veterum
1645 3477 1711 3526 tra·

518 3554 626 3637 ditio,
651 3550 796 3626 ostende
825 3573 930 3644 quam
957 3549 1106 3643 liguram
1134 3551 1254 3638 legum
1283 3547 1319 3620 br
1343 3545 1532 3646 disciplina
1554 3551 1712 3648 politicae

516 3649 657 3742 probes.
706 3645 794 3722 Hoc
826 3667 913 3719 ate
941 3643 1055 3746 libere¹
1093 3643 1131 3718 δι
1166 3639 1379 3717 familiariter
1415 3667 1527 3738 peto,
1569 3645 1712 3724 vicissim
1751 3677 1759 3694 ·

518 3765 588 3816 non
624 3744 800 3817 vetiturus
831 3766 935 3816 meat·
956 3764 1064 3834 nugas
1099 3741 1136 3810 in
1171 3759 1270 3812 tuom
1295 3735 1402 3812 finum
1427 3737 1626 3827 esthabere,
1652 3741 1711 3816 nie

518 3845 611 3913 eninr
638 3839 717 3912 uiua
752 3839 800 3913 est
843 3840 886 3911 δι’
919 3839 1081 3910 amititiae
1112 3831 1150 3908 et
1184 3831 1406 3928 epistolarum
1451 3839 1543 3910 inter
1582 3839 1713 3910 amicos

518 3937 708 4010 studiorum
736 3938 865 4030 copula
889 3935 1107 4032 eonjnneios.
1157 3929 1257 4006 Vale.
1289 3928 1426 4010 Patavii
1457 3930 1570 4009 menie
1594 3933 1712 4030 lunio.

517 4057 572 4106 an.
602 4053 703 4128 1532.
