3967 5167
551 508 632 618 362
664 492 903 605 vrourr
931 514 1000 584 AB
1028 412 1286 582 auara
1319 483 1696 580 zurorruuu

304 682 508 826 Μ,
741 698 1246 798 uursroun
1303 694 1547 800 cunr.

385 863 433 903 mo
454 843 509 903 IV.

387 920 525 1061 gig-0⁵⁴²·
550 920 1219 1025 HIPPOLYTOPERSYNO
1250 920 1506 1013 pnmsrur
1525 920 1751 1015 nnrsuu

415 1210 520 1281 1553·
669 1149 837 1241 Narrat
864 1152 1198 1261 expuguationem
1235 1140 1346 1231 urbis
1385 1142 1427 1231 T
1422 1174 1637 1233 eroucrnnoe.

642 1370 768 1467 Eginae
791 1368 917 1443 litteris
945 1366 1074 1460 quibus
1095 1389 1161 1438 vos
1190 1363 1235 1439 de
1266 1364 1489 1439 Terooannae
1511 1366 1590 1463 (r)
1610 1362 1753 1464 expetii·

667 1472 762 1541 tione
796 1466 963 1538 certiores
983 1461 1092 1547 facit,
1117 1465 1187 1535 hoc
1212 1482 1325 1533 meum
1344 1463 1537 1556 epistolium
1563 1464 1753 1560 adjungeno

561 1566 646 1638 dum
668 1564 810 1658 putavi,
835 1581 908 1654 quo
935 1560 983 1631 rei
1000 1555 1207 1641 succeffum,
1232 1560 1442 1649 quantumis
1464 1562 1648 1652 exprimis
1668 1583 1755 1635 nun·

561 1664 639 1745 riis,
665 1661 726 1753 qui
742 1680 787 1733 ex
809 1656 927 1730 castris
952 1654 997 1726 nd
1021 1652 1194 1727 Caesarem
1219 1653 1301 1723 milli
1319 1651 1416 1736 sunt,
1441 1656 1589 1750 intelligi
1615 1660 1753 1750 pomi,

561 1754 682 1853 paucis
698 1752 935 1849 fignificarem.
984 1747 1072 1821 Non
1087 1751 1236 1822 arbitror
1246 1770 1361 1821 autern
1372 1772 1437 1821 vor
1455 1752 1616 1844 ignorare
1631 1754 1754 1846 primae

560 1850 857 1948 oppugnationis,
882 1868 962 1939 quae
986 1848 1041 1918 die
1069 1867 1126 1917 ιι.
1150 1844 1255 1940 hujus
1271 1841 1393 1917 menfis
1413 1866 1544 1919 tentata
1565 1846 1657 1929 fuit,
1681 1848 1755 1920 ἰπὶὁ

562 1970 637 2022 rum
662 1965 845 2026 conatum,
870 1964 937 2015 nec
968 1960 1083 2013 tamen
1106 1940 1188 2014 ideo
1214 1936 1290 2033 spes
1311 1943 1386 2033 ejus
1413 1944 1508 2017 urbis
1529 1946 1711 2037 potiuudae
1734 1964 1755 2015 a

562 2040 689 2117 nostris
713 2038 868 2134 depofita
883 2036 969 2120 fuit,
995 2033 1056 2109 sed
1073 2034 1156 2107 allis
1170 2036 1286 2109 denuo
1298 2040 1485 2123 cuniculis,
1510 2042 1678 2134 omnique
1688 2040 1757 2111 allo

562 2139 745 2213 conamine
762 2135 805 2207 ab
823 2152 900 2207 toto
916 2134 1070 2207 exercitu
1089 2134 1279 2205 laboratum
1298 2130 1368 2219 est,
1393 2153 1433 2206 ut
1450 2132 1585 2207 facilior
1599 2137 1760 2209 reddere·

565 2255 622 2315 tur
642 2234 731 2305 ratio
749 2232 872 2304 moeuia
896 2228 1100 2301 scandendi:
1126 2224 1166 2301 δι
1211 2249 1384 2321 nonquam
1399 2231 1626 2323 quorumdam
1650 2233 1760 2325 negli-

563 2331 708 2427 gentia,
733 2323 955 2422 deceptisque
968 2322 1126 2418 excubiis
1139 2346 1188 2397 no
1233 2323 1263 2395 ir
1277 2326 1470 2412 acciderat,
1493 2349 1533 2400 ut
1547 2330 1680 2401 interea
1697 2328 1761 2399 ali·

567 2448 656 2519 quot
679 2423 818 2499 centeni
834 2422 962 2495 milites
972 2418 1024 2493 ab
1042 2418 1158 2495 Gallio
1176 2420 1213 2494 in
1226 2438 1301 2491 eam
1319 2422 1438 2493 urbem
1452 2421 1577 2513 supint
1596 2420 1756 2507 immilli,

562 2522 636 2619 jam
653 2542 768 2596 tamen
783 2541 826 2592 eo
848 2516 956 2593 nostri
975 2536 1084 2609 opera
1099 2512 1157 2588 sua
1178 2515 1436 2613 produxerant,
1461 2541 1503 2593 ιιι
1532 2518 1576 2591 (le
1597 2519 1685 2593 urbe
1701 2540 1760 2591 ea·

568 2616 699 2713 pienda
720 2616 757 2688 in
790 2632 921 2690 certam
948 2609 1045 2706 spem
1066 2613 1234 2687 venirent
1284 2610 1375 2685 Citm
1402 2636 1445 2687 ue
1463 2614 1535 2710 jam
1557 2612 1760 2688 conclusum

567 2733 645 2807 erat
664 2712 721 2785 dle
750 2711 905 2785 hesterna
930 2708 1021 2783 bene
1043 2730 1144 2783 mane
1170 2706 1346 2783 fortunam
1372 2638 1490 2785 ienuo
1520 2711 1692 2805 experiri,
1716 2730 1759 2783 ac

570 2828 666 2883 totus
693 2808 865 2883 exercitur
887 2808 957 2901 jam
982 2802 1018 2876 se
1036 2806 1082 2877 ad
1103 2826 1178 2877 eam
1204 2828 1277 2879 rem
1302 2808 1516 2903 accingeret,
1539 2804 1659 2883 obseffi
1687 2808 1758 2880 ool·

567 2905 728 3005 loquium
751 2906 960 2999 expetivere.
1010 2899 1099 2972 Milli
1125 2922 1240 2977 autem
1259 2903 1304 2977 ab
1329 2903 1379 2975 eis
1401 2905 1536 2977 nobiles
1561 2904 1654 2988 duo,
1679 2901 1761 2976 clim

572 3000 785 3073 deditionem
804 3001 908 3073 certio
927 2995 1395 3087 conditionibus-offerrent,
1419 3022 1462 3073 ac
1487 3024 1541 3073 rea
1561 3001 1599 3071 in
1618 3002 1763 3095 longum

571 3096 855 3191 pertraheretur,
880 3092 1147 3167 admonentibus
1163 3091 1288 3167 nostrie
1305 3096 1367 3189 qui
1384 3118 1464 3167 cum
1480 3096 1549 3169 illis
1566 3094 1768 3169 trallabant

569 3212 648 3287 quo
669 3208 881 3263 maturarent
895 3185 1067 3264 resolvere
1081 3187 1279 3284 priusquam
1301 3181 1409 3263 nostri
1425 3194 1551 3265 milites
1567 3194 1640 3265 vim
1666 3192 1764 3265 adhi-

573 3286 698 3364 berent
707 3336 718 3373 ,
742 3287 811 3359 illia
828 3283 1024 3361 dicentibus
1040 3306 1111 3357 non
1130 3282 1197 3358 effe
1214 3284 1465 3362 festinationeo
1491 3312 1551 3370 us,
1575 3312 1684 3382 quum
1698 3290 1763 3362 ob*

571 3374 662 3469 jfeffis
685 3383 790 3455 animi
814 3404 856 3469 ae
880 3379 1006 3455 virium
1027 3376 1106 3455 satie
1129 3380 1174 3455 ad
1197 3383 1436 3475 repellendum
1457 3311 1678 3479 lippereret',
1701 3406 1764 3457 uo·
1888 3380 1890 3437 ἶ

577 3478 637 3549 stri
653 3480 785 3573 impetu
804 3476 897 3551 fatto
920 3476 1039 3548 urbem
1066 3474 1206 3551 fortiter
1227 3478 1388 3571 aggressi,
1411 3480 1537 3553 obvios
1562 3478 1767 3553 relistentes·
1888 3532 1890 3553 ι

578 3594 648 3667 que
671 3569 771 3647 facile
787 3574 1009 3667 repulerunt,
1035 3592 1145 3665 eaque
1161 3574 1266 3666 potiti
1284 3572 1362 3645 sunt
1384 3573 1480 3648 caesrs
1522 3577 1673 3661 latinis,
1699 3599 1767 3649 cae·

575 3670 664 3743 teris
683 3670 718 3740 in
739 3670 980 3763 captivitatem
996 3662 1164 3753 redrells',
1189 3670 1278 3742 inter
1302 3691 1394 3765 qnos
1409 3669 1460 3743 est
1522 3674 1574 3743 ina
1593 3692 1679 3745 natu
1697 3696 1767 3744 rna·

575 3764 633 3857 jor
652 3761 864 3837 Conestablii
887 3762 1045 3836 Franciae
1067 3759 1180 3834 Ducis
1205 3762 1513 3857 Montmarrancii',
1539 3768 1598 3840 cui
1613 3769 1687 3863 ejus
1710 3792 1769 3841 un

577 3858 634 3933 bie
651 3860 760 3935 tutela
776 3854 949 3934 commilla
970 3878 1056 3934 erat.
1104 3854 1185 3935 Nor
1197 3860 1271 3939 laeti
1284 3862 1400 3963 primo
1424 3864 1495 3939 hoc
1510 3864 1667 3939 vistoriae
1680 3876 1770 3937 nun·-

1693 3960 1772 4049 tio,

489 4100 495 4111 ⁶
573 4168 580 4183 ι
617 4130 693 4216 (ι)
718 4128 924 4215 Terouannae]
941 4130 997 4197 De
1027 4131 1093 4199 hac
1120 4128 1210 4197 urbe
1238 4146 1456 4220 expugnata,
1486 4146 1588 4217 arque
1605 4134 1677 4201 hoe
1696 4094 1772 4223 ipso

581 4230 671 4279 anno
700 4212 773 4281 solo
803 4229 962 4298 aequata,
992 4214 1136 4281 videndi
1163 4215 1326 4286 historici.
1366 4218 1461 4285 Hinc
1487 4218 1574 4285 illud
1591 4221 1772 4305 vulgatum

579 4296 961 4475 scegiilriiceffiirpijed
982 4297 1131 4370 lllorlul.
1151 4298 1334 4386 videque
1354 4302 1399 4371 ad
1417 4300 1595 4387 epistolam
1614 4306 1774 4391 proxime
