3967 5167
539 509 601 646 64
635 444 899 626 'trent
927 533 997 606 rt
1024 509 1281 644 nunna
1315 497 1689 609 zutcunmr

544 720 645 819 poris
667 717 801 801 datur,
822 709 863 785 id
885 705 1084 797 adhortor,
1116 721 1158 781 ut
1182 703 1228 780 δι’
1244 695 1304 783 ille
1329 709 1366 786 δι
1393 709 1616 804 Rethlingeri,
1641 711 1701 810 qui
1728 736 1750 789 a

547 840 605 889 me
619 817 809 891 docentur,
833 809 870 878 in
892 805 1006 878 studio
1029 805 1230 879 excolendo
1253 807 1469 901 impendant.
1506 803 1549 880 ln
1565 827 1638 903 quo
1653 811 1754 886 haud*

545 912 764 992 luculentus,
788 903 847 977 sed
863 923 978 976 tamen
992 901 1178 977 mediocris
1186 951 1198 989 ,
1225 925 1393 1000 quantum
1409 903 1482 1000 ipse
1500 903 1653 978 'udicare
1669 905 1750 1002 pos·

544 1007 642 1094 sum,
666 1008 805 1078 illorum
832 995 1014 1095 protectus
1043 1001 1209 1072 cernitur.
1268 998 1412 1090 Habes,
1438 927 1624 1075 dodilone
1650 1003 1747 1092 Veli,

547 1105 693 1181 brevem
710 1097 889 1174 tenuitatis
912 1113 1018 1192 atque
1032 1097 1244 1170 conditionia
1256 1119 1342 1172 meo
1359 1095 1619 1185 confessionem,
1645 1115 1751 1194 quam

547 1218 586 1276 te
607 1196 771 1296 equidem
788 1195 897 1268 latere
922 1193 1041 1280 nolui,
1065 1215 1108 1264 ne
1127 1191 1254 1267 nescias
1273 1217 1376 1289 quem
1396 1215 1509 1280 ames,
1535 1211 1633 1267 aeut
1652 1195 1750 1269 dein·

547 1297 596 1370 de
618 1317 674 1370 me
692 1292 821 1366 habear
844 1311 916 1361 non
937 1290 1041 1384 plane
1059 1306 1100 1361 ut
1113 1289 1284 1379 amicum,
1307 1288 1385 1386 (est
1412 1291 1505 1365 enim
1522 1291 1674 1366 amicitia
1697 1291 1750 1363 in-

549 1411 606 1466 ter
640 1385 817 1486 aequales)
848 1383 972 1460 verbm
1003 1401 1043 1458 ut
1079 1385 1311 1478 clientulum,
1349 1391 1410 1484 qui
1442 1387 1480 1462 &
1517 1387 1751 1462 eruditionem

552 1509 649 1562 tuam
675 1485 792 1580 magni
813 1480 940 1566 faciat,
967 1481 1311 1558 &benevolentiam
1337 1487 1430 1558 ultro
1452 1482 1604 1556 oblatam
1633 1485 1752 1560 amba·

553 1586 620 1662 bue
642 1576 869 1676 ampltstatur
899 1575 1021 1665 ulnis,
1055 1577 1270 1674 vicissimque
1299 1579 1334 1654 se
1358 1582 1424 1654 tibi
1455 1581 1499 1654 ad
1522 1600 1626 1653 omne
1654 1579 1752 1654 obse·

553 1682 674 1777 quium
687 1695 965 1773 perpetuamque
987 1672 1243 1748 observantiam
1269 1679 1467 1773 mancipet,
1492 1675 1588 1773 quod
1606 1677 1750 1773 quidem

553 1778 621 1852 tibi
634 1773 780 1873 syncera
804 1771 877 1846 fide
901 1771 1093 1866 promitto,
1118 1793 1160 1845 ae
1186 1773 1223 1844 in
1250 1793 1297 1845 eo
1317 1771 1467 1859 faciam,
1493 1792 1533 1846 ut
1561 1773 1751 1869 cognoscas

554 1871 802 1956 Germanum,
833 1889 874 1942 ut
904 1887 944 1940 tu
979 1863 1127 1954 scribit,
1155 1866 1313 1942 Frifium.
1364 1872 1405 1944 G.
1439 1875 1547 1966 Lagus
1571 1866 1647 1964 (3)
1671 1867 1752 1950 edm

553 1989 631 2047 mar
648 1971 766 2040 literas
781 1966 977 2061 acciperem
992 1964 1087 2059 apud
1106 1987 1161 2036 me
1178 1987 1274 2054 erat,
1297 1987 1416 2040 eoram
1436 1989 1507 2062 quo
1525 1985 1603 2060 quae
1617 1971 1661 2039 de
1676 1965 1754 2060 ipso
1887 2007 1888 2010 =

555 2063 729 2162 adjecisti,
764 2063 937 2148 recitavi,
972 2059 1011 2133 δι
1047 2059 1133 2133 facit
1162 2062 1222 2133 ille
1249 2063 1390 2156 quidem
1420 2061 1559 2136 viciffim
1587 2081 1622 2134 te
1645 2065 1754 2135 maxi·

556 2166 604 2236 rui
615 2187 626 2244 3
646 2156 766 2252 estque
792 2157 852 2231 hic
868 2156 916 2230 ob
934 2157 1067 2252 ingenii
1090 2157 1250 2252 praeclari
1268 2160 1369 2231 dotes
1387 2159 1482 2254 apud
1501 2159 1656 2232 eruditos
1680 2181 1754 2230 om·

555 2281 619 2333 ner
647 2255 751 2329 valde
779 2251 960 2351 gratiosus.
1010 2251 1107 2326 Bene
1135 2253 1247 2338 vale,
1282 2254 1319 2329 bt
1348 2253 1373 2327 fi
1407 2253 1546 2328 dabitur
1574 2253 1750 2328 interdum

557 2356 691 2436 odom,
715 2346 833 2446 queso
859 2351 956 2448 utin
981 2367 1098 2445 coepta
1114 2369 1197 2444 ergn
1219 2371 1276 2421 me
1293 2351 1476 2425 voluntate
1498 2346 1677 2446 perfistae,
1702 2353 1756 2424 vi·

557 2449 663 2526 eillrm
686 2468 802 2519 autem
820 2467 875 2519 me
898 2443 1020 2520 senties
1038 2445 1151 2518 ubivis
1205 2446 1316 2528 otius,
1341 2467 1446 2541 quam
1462 2465 1501 2520 ut
1527 2445 1592 2520 tibi
1611 2443 1756 2539 respon·

557 2547 660 2621 deam
674 2544 825 2640 pigrum.
876 2538 1026 2636 Rufinam
1054 2561 1148 2614 arne
1169 2465 1362 2629 brabit,
1378 2563 1481 2638 quem
1508 2541 1552 2615 ad
1570 2539 1758 2615 amicitiam

530 2637 653 2716 'ultro
675 2641 826 2711 invitare
848 2637 947 2711 ausus
973 2635 1047 2710 sum
1076 2637 1237 2710 hortante
1264 2637 1515 2732 instiganteque
1542 2635 1754 2732 christophoro

560 2738 690 2832 Hagno
717 2731 819 2828 (4),
844 2755 917 2828 quo
949 2733 985 2804 in
1010 2729 1131 2806 Gallia
1160 2730 1374 2806 familiariter
1397 2732 1472 2806 sum
1502 2732 1602 2818 usus,
1627 2731 1686 2806 sed
1707 2753 1758 2808 ta·
1886 2723 1888 2782 ἒ

560 2830 715 3001 ιέεῃῃῌὶε
729 2829 817 3014 nsihil
829 2833 874 2903 ad
888 2849 980 2904 meaa
997 2829 1122 2903 literar.
1149 2825 1377 2904 lterumvale.
1394 2829 1530 2904 Patavii
1543 2847 1612 2904 vu.
1624 2829 1759 2906 calend.

594 2949 638 3026 pr
666 2945 694 2998 ts
722 2945 737 2996 1
770 2945 826 3018 32.

603 3116 667 3201 (3)
685 3113 735 3182 G.
762 3113 812 3180 Lo
871 3111 890 3197 J
921 3109 1094 3200 Georgius
1128 3112 1246 3201 Logue
1273 3114 1309 3180 in
1346 3114 1506 3200 proxime
1533 3119 1759 3200 praecedente

566 3200 648 3270 Vetii
664 3197 807 3285 epistola
831 3195 993 3273 audaeus,
1013 3197 1180 3266 nobilium
1196 3215 1386 3283 puerorum
1409 3199 1638 3285 pedagogus,
1661 3201 1759 3286 ngt‘r'

561 3284 654 3372 apud
664 3283 843 3350 Patavium
859 3279 969 3347 socius
988 3281 1065 3350 luit.

602 3367 662 3452 (4)
685 3363 887 3451 christophoro
913 3363 1057 3450 Hagero]
1104 3361 1368 3442 urisconsultus,
1390 3363 1595 3435 &duorum
1622 3365 1673 3432 Fu
1718 3381 1760 3430 e·

563 3469 681 3516 rorurn
703 3447 880 3531 Georgii&
904 3446 1038 3530 Joormis
1088 3447 1183 3524 orodi,
1204 3462 1512 3533 ptaeceptorerat,
1531 3449 1654 3532 quoin
1708 3447 1759 3534 ²17

561 3533 608 3599 lia
630 3531 843 3599 familiariter
862 3528 983 3614 ngius
1002 3529 1036 3598 se
1056 3531 1153 3598 usum
1174 3527 1308 3610 scribit,
1331 3532 1368 3602 dc
1394 3531 1437 3600 ad
1457 3551 1561 3616 quem
1581 3529 1761 3618 prolixissi·

562 3633 653 3683 marn
671 3613 802 3682 dedite
828 3613 960 3680 istolam
972 3614 1097 3700 (Tom.
1118 3633 1149 3680 2.
1161 3629 1197 3696 p.
1213 3634 1227 3680 1
1275 3614 1395 3698 vsa.)
1417 3614 1518 3700 super
1533 3616 1680 3700 quadam
1697 3624 1760 3683 auf·

561 3702 648 3788 tiqui
667 3699 752 3786 jnris
774 3633 986 3778 subtilitate,
1006 3715 1109 3783 quam
1121 3695 1248 3785 seligen
1344 3716 1416 3770 non
1432 3699 1606 3772 duximue.
