3967 5167
545 509 630 619 236
658 504 892 604 vtutu
919 529 990 597 m
1015 504 1278 599 Atura
1313 452 1689 605 zurctruur

545 686 817 761 Ordinationum
842 686 1016 780 integrum
1034 682 1217 767 volumen,
1250 706 1331 755 cum
1358 680 1607 848 posterioribus
1632 691 1747 763 omni·

544 786 610 857 bus
635 784 710 879 (uri
728 805 792 855 nos
811 782 1012 876 loquimur)
1037 777 1236 866 Receffibus
1252 776 1357 850 &Re
1373 780 1640 871 ormationibus,
1654 782 1744 861 sicut

542 877 657 973 ipsum
674 877 858 953 meministi
869 875 1048 971 superiore
1066 898 1157 949 anno
1174 873 1366 947 Vormatiae
1382 872 1449 947 esse
1459 876 1634 952 excusum.
1661 880 1743 955 Erit

543 978 619 1067 ejus
634 972 737 1049 leslio
757 975 824 1046 tibi-
838 974 881 1045 ad
904 974 1009 1045 multa
1037 972 1155 1056 utilis,
1178 968 1330 1066 primitur
1350 971 1442 1043 enim
1466 970 1550 1045 inde
1569 972 1745 1071 Linguam

546 1071 793 1143 Germanicam
809 1071 985 1163 expolies,
1013 1067 1136 1139 deinde
1153 1069 1290 1161 plenam
1309 1068 1416 1138 torius
1432 1066 1574 1161 imperii
1594 1066 1744 1145 Germa·

546 1165 733 1239 nicistatus
752 1166 987 1259 cognitionem
1016 1163 1174 1246 hauries,
1208 1162 1411 1234 utilissimam
1441 1161 1506 1245 tibi
1534 1167 1617 1243 olim
1649 1165 1745 1239 futu·

545 1284 638 1349 ram,
665 1258 735 1334 five
751 1258 926 1355 Principi,
953 1256 1023 1332 srve
1043 1259 1210 1340 Civitati,
1244 1256 1313 1329 srve
1344 1260 1507 1353 privatis,
1533 1264 1742 1351 clientibus,

546 1379 607 1430 aut
630 1358 746 1429 amicis
773 1378 913 1451 operam
932 1376 1026 1427 tuam
1046 1353 1310 1427 accommodate
1328 1355 1492 1428 volueris.
1541 1356 1565 1447 J
1569 1360 1637 1429 uris
1655 1384 1744 1434 vero

414 1532 425 1543 ,
548 1454 674 1527 Civilis
696 1451 903 1545 practicam,
930 1474 1011 1545 quae
1030 1451 1066 1520 in
1085 1450 1153 1522 hoc
1169 1449 1320 1523 Romani
1338 1448 1479 1545 imperii
1499 1448 1662 1545 supremo
1683 1456 1742 1526 tri·

545 1550 664 1623 bunali
688 1544 860 1641 purilsme
895 1548 1082 1630 servatur,
1119 1548 1203 1619 haut
1237 1543 1379 1619 aliunde
1410 1546 1535 1619 melius
1551 1548 1671 1643 'quim
1698 1574 1744 1622 ex

545 1646 658 1717 isthoc
680 1645 770 1717 libro
797 1644 981 1737 percipies.
1033 1638 1084 1715 Et
1101 1660 1298 1738 quanquam
1320 1642 1381 1712 illa
1401 1664 1559 1716 nontam
1592 1644 1741 1721 lediione

452 1758 453 1761 Ὗ
545 1741 648 1909 {llll
666 1738 1260 1927 lliusblllllln‘islsl
1279 1737 1661 1909 qllslliqlls
1679 1744 1743 1911 ἑξ

544 1888 690 2006 scrib'am
702 1932 844 2003 modum
859 1928 1020 2025 prefatas
1036 1930 1177 2023 Imperii
1189 1886 1440 2012 Ordinationes
1457 1859 1594 2023 legeiis.
1646 1860 1740 2027 gum

545 2028 653 2100 multa
668 2026 830 2101 videlicet
850 2026 885 2097 in
901 2026 968 2097 illis
990 2026 1034 2097 ad
1057 2025 1191 2115 Judicii
1214 2024 1406 2117 Imperialis
1430 2022 1586 2099 Camerae
1602 2031 1740 2123 proces·

544 2120 637 2205 sum,
675 2121 919 2215 causarumque
950 2118 1234 2215 disceptationem
1264 2117 1427 2215 disposita
1459 2118 1552 2211 sint,
1588 2146 1741 2217 quorum

545 2221 712 2291 nonnulla
756 2238 954 2312 temporum
993 2214 1145 2292 successu
1185 2218 1309 2289 melius
1343 2214 1545 2311 perpensa,
1583 2240 1738 2309 mutata,

479 2312 483 2317 ’
544 2312 717 2400 testridia,
743 2310 860 2396 ausis,
886 2315 1103 2385 declaratave
1130 2310 1216 2386 lint:
1243 2334 1315 2406 quo
1337 2336 1460 2384 eorum
1482 2316 1635 2387 omnium
1658 2323 1737 2413 ple·

544 2414 675 2485 niorem
695 2408 905 2504 consequare
927 2410 1178 2503 cognitionem,
1204 2409 1298 2481 haud
1329 2408 1564 2502 poenitendum
1587 2432 1665 2484 meo
1680 2416 1736 2507 ju·

545 2508 638 2581 dicio
666 2528 785 2601 operae
810 2507 959 2599 pretium
975 2502 1117 2589 feceris,
1143 2501 1167 2575 fi
1188 2508 1261 2598 ejus
1278 2502 1360 2575 libri
1377 2507 1593 2579 lessionema
1617 2510 1734 2673 capite

544 2603 777 2683 exordiendo,
801 2600 873 2695 ipse
892 2601 956 2673 tibi
982 2602 1079 2675 locos
1106 2598 1145 2671 ἃ
1175 2621 1270 2675 certa
1289 2620 1404 2671 rerum
1435 2622 1561 2694 genera
1582 2624 1657 2696 prae
1671 2606 1738 2677 cri.

544 2704 628 2780 bas,
654 2720 695 2771 ac
723 2696 785 2770 sub
806 2698 873 2769 suis
894 2696 1001 2769 titulis
1025 2694 1116 2769 suam
1147 2718 1319 2790 quamque
1345 2697 1520 2770 materiam
1545 2720 1565 2769 a
1592 2721 1625 2772 te
1649 2702 1740 2772 redi·

544 2818 618 2891 gas.
669 2791 721 2865 Ita
740 2793 831 2863 enim
846 2788 980 2867 facilius
997 2792 1060 2867 tibi
1077 2792 1227 2885 patebit,
1239 2789 1325 2885 quid
1337 2788 1534 2865 corredum
1563 2814 1612 2877 rt,
1637 2796 1738 2888 quid-

543 2912 590 2964 ve
612 2890 716 2961 hodie
732 2886 897 2961 servetur.
948 2886 1114 2980 Exempli
1131 2887 1243 2981 gratia
1268 2888 1435 2981 quicquid
1460 2886 1548 2960 dea
1574 2890 1735 2984 pellatio

544 3008 627 3059 num
651 2982 875 3067 formalibus,
900 2980 970 3055 five
984 2982 1213 3069 solemnibus,
1238 3005 1319 3076 quae
1341 2982 1444 3077 super
1469 3007 1533 3057 cau
1571 3008 1649 3059 rum
1677 2988 1736 3060 de-

544 3082 726 3155 volutione
748 3076 1014 3172 frequentissime
1037 3076 1274 3173 disputantur,
1299 3079 1350 3149 ibi
1375 3076 1575 3172 disposttum
1598 3104 1737 3177 tepere·

543 3180 612 3260 ris,
637 3175 697 3249 sub
718 3172 914 3249 formalium
935 3175 1039 3247 titulo
1065 3173 1212 3267 digeras.
1261 3172 1322 3245 Sic
1345 3174 1389 3245 de
1413 3173 1530 3254 banno
1555 3175 1592 3249 δι
1619 3181 1733 3271 poenis

542 3272 773 3369 pecuniariis,
797 3273 854 3345 vel
878 3268 1058 3363 Regalium
1084 3269 1297 3365 privatione:
1322 3266 1369 3340 fic
1393 3269 1438 3343 de
1464 3269 1642 3346 sententiis
1670 3273 1735 3345 dif-

541 3369 702 3441 finitivis:
727 3370 809 3438 item
834 3367 876 3441 de
897 3366 1164 3439 interlocutoriis
1193 3364 1398 3437 habentibus
1424 3367 1494 3439 vim
1522 3364 1734 3459 diffinitivae,

527 3462 829 3560 'appellabilibus,
856 3464 982 3537 &non
1009 3460 1291 3555 appellabilibus:
1318 3464 1360 3535 de
1385 3459 1628 3549 sententiarum
1655 3488 1736 3538 exe·

543 3562 706 3641 cutione,
742 3558 779 3631 &
804 3556 1068 3631 executoribus:
1098 3556 1140 3628 de
1163 3552 1271 3630 caufis
1294 3557 1332 3631 δι
1362 3556 1495 3635 casibus
1522 3556 1735 3653 Fiscalibust

544 3680 626 3754 quae
651 3649 760 3729 causac
785 3654 989 3735 ordinariae,
1016 3675 1096 3747 quae
1122 3648 1419 3725 dxtraordinariae:
1444 3656 1521 3749 quis
1543 3656 1580 3725 in
1610 3678 1735 3729 contu·

543 3754 687 3827 matiam
710 3752 925 3844 procedendi
948 3748 1075 3843 stylus:
1107 3748 1152 3821 de
1176 3746 1450 3821 substantialibus
1472 3751 1585 3821 litium
1618 3754 1735 3826 termi-

544 3852 618 3920 nis:
650 3848 694 3921 de
727 3842 961 3930 Allell'orum,
993 3842 1276 3943 Advocatorum,
1310 3841 1649 3942 Procuratommque
1680 3844 1735 3920 os·

542 3942 647 4027 flcio;
673 3942 711 4017 &
728 3961 852 4017 caetera
868 3964 946 4035 quae
968 3939 1114 4035 diligens
1135 3941 1173 4014 δι
1192 3934 1310 4013 exadia
1325 3937 1429 4013 lectio
1453 3963 1556 4037 atque
1581 3944 1733 4017 animad-

542 4036 654 4111 verslo
670 4036 770 4113 facile
782 4037 846 4113 tibi
862 4036 1032 4133 suggeret
1081 4034 1166 4109 Hsc
1182 4056 1298 4109 autem
1316 4036 1505 4132 digestione
1518 4040 1556 4112 δι
1572 4061 1624 4110 res
1642 4037 1733 4135 ipsas

391 4188 394 4195 -
542 4136 666 4209 melius
693 4134 888 4229 percipies,
912 4130 1130 4229 penitinsque
1154 4132 1360 4227 perspicies,
1385 4130 1424 4207 dt
1451 4135 1627 4207 memorie
1645 4158 1735 4246 qpo-

540 4254 611 4329 que
632 4228 767 4302 fidelius
782 4230 1049 4305 commendabis.
1098 4228 1155 4299 Ad
1174 4227 1271 4300 istum
1286 4230 1426 4302 modum
1443 4232 1526 4302 olim
1542 4228 1648 4304 status
1669 4254 1732 4303 rm·

538 4328 629 4425 perii
641 4322 764 4425 jussere
777 4328 912 4423 aliquot
928 4321 1111 4400 Affelsores
1128 4320 1269 4421 Imperii
1287 4320 1538 4403 Ordinationes
1554 4326 1734 4495 digereret}

1684 4446 1705 4497 u
