3967 5167
554 501 635 607 148
662 464 896 580 victu
923 506 991 575 nt
1021 481 1280 578 arnna
1311 480 1693 580 zurcunrur

552 669 619 752 rit,
641 667 742 764 spero
768 665 981 762 quodetiam
1006 665 1073 736 mei
1095 664 1314 758 provehendi
1334 667 1503 738 rationem
1528 668 1678 761 aliquam
1703 667 1756 742 fist

553 765 742 837 habiturus.
793 763 875 834 Scio
894 762 931 834 δι
945 760 1102 854 suggeras
1116 763 1202 833 mihi
1220 783 1263 832 ex
1286 763 1406 832 animo
1419 760 1537 836 favere
1562 763 1754 856 &cupere

553 857 731 952 prodesse,
756 881 797 930 ac
813 859 1182 929 alioscommemorare·
1195 853 1348 950 possem,
1371 855 1429 928 sed
1446 881 1518 930 non
1535 857 1585 931 est
1603 857 1745 931 necesse.

554 955 636 1026 Scio
660 956 831 1049 gradatim
845 953 998 1022 honores
1023 948 1185 1038 deferri,
1205 976 1249 1024 ne
1275 973 1319 1023 ue
1344 954 1448 1025 etiam
1480 974 1547 1046 ego
1571 967 1658 1024 'mox
1686 977 1754 1026 eos·

555 1048 746 1142 obtingere·
766 1049 851 1119 mihi
873 1069 1026 1140 unquam
1058 1049 1188 1142 c'upivi.
1278 1067 1396 1120 autum
1425 1046 1450 1120 sr
1475 1047 1571 1142 spem
1594 1048 1753 1142 aliquam·

554 1147 741 1236 concipere
759 1137 914 1236 possem,
938 1143 1089 1236 experiri
1106 1144 1214 1215 volui.
1267 1141 1361 1214 Sunt
1382 1145 1472 1215 enim
1499 1147 1757 1236 cujuscumque·

554 1244 607 1312 rei
624 1243 739 1331 aliqua
765 1239 924 1332 iacienda
938 1235 1177 1310 fundamenta.
1225 1236 1317 1324 Qsa
1334 1235 1411 1310 sero
1429 1239 1645 1322 ambiuntur,
1669 1239 1747 1310 sero

554 1335 759 1409 obveniunt.
809 1331 1051 1420 Quamobrem
1075 1330 1100 1403 sr
1124 1333 1189 1406 tibi
1206 1355 1276 1405 non
1293 1333 1415 1406 videor
1432 1334 1617 1407 inidoneus
1636 1337 1747 1407 omni·

554 1430 719 1512 rto-sore,
745 1429 860 1523 quaeso
882 1451 927 1500 ne
944 1428 1097 1523 graveris
1113 1448 1210 1501 tuum
1228 1428 1313 1501 mihi
1328 1426 1488 1503 savorem
1502 1429 1689 1523 impertiri,
1709 1429 1748 1500 dt

554 1528 648 1598 viam
662 1527 812 1619 aliquam
826 1521 977 1597 sternere
993 1525 1036 1594 ad
1047 1526 1196 1617 aliquam
1210 1523 1459 1598 conditionem.
1508 1525 1588 1617 Ego
1604 1525 1753 1596 viciffim

554 1645 638 1713 erga
660 1645 695 1694 te
711 1617 961 1692 observantiam
980 1639 1091 1689 meam
1108 1619 1441 1714 gratitudinemque,
1492 1620 1593 1694 uibus
1608 1617 1752 1712 polium

557 1717 679 1788 officiis
703 1715 897 1803 declarate,
924 1712 1125 1808 ubicunque
1151 1713 1183 1785 se
1210 1714 1347 1789 dederit
1380 1641 1533 1803 occaso,
1565 1713 1751 1788 laborabo..

556 1811 710 1885 Decrevi
742 1828 857 1882 autem
886 1808 948 1883 sub
974 1811 1136 1902 hyemem
1161 1812 1321 1904 patriam·
1344 1807 1514 1900 revisere,
1540 1809 1578 1883 δι
1600 1805 1755 1882 fortassis:

555 1907 691 2000 Spiram
709 1903 879 1989 transrb0,
902 1921 943 1978 ut
968 1927 1086 1976 coram
1113 1927 1148 1977 te
1176 1903 1359 1978 consulam.
1411 1901 1550 1977 Interea
1571 1925 1752 1999 rogo,ut1

525 2065 528 2068 .
555 2001 580 2075 sr
605 2004 669 2077 tibi
687 2003 778 2073 idem
794 2002 934 2096 placet,
959 2000 1056 2092 quod
1067 2002 1178 2087 mihi,
1204 1999 1327 2073 saniore
1344 2017 1407 2072 tuo
1424 1997 1647 2096 prosequaris.
1663 2023 1754 2094 pro-r

554 2097 782 2193 movensque,
820 2094 870 2167 sm
892 2112 994 2191 putas
1017 2092 1142 2168 frustra
1165 2117 1220 2168 me
1245 2097 1430 2179 laborare,
1453 2117 1542 2190 rogo
1568 2117 1610 2169 ut
1631 2116 1753 2168 meam

553 2194 728 2265 stultitiam
745 2211 890 2264 caeteros
908 2193 1023 2276 celet,
1048 2191 1084 2264 dt
1101 2189 1174 2286 ipse
1197 2213 1268 2265 non
1285 2190 1384 2357 apte·
1399 2191 1488 2263 feras
1499 2240 1519 2276 ,
1538 2191 1688 2265 nevo-ob
1705 2192 1754 2262 id>

552 2289 666 2360 minus
681 2310 813 2382 pronus
831 2287 876 2359 ad
900 2309 956 2358 me
978 2284 1235 2358 redamandum·
1250 2288 1305 2362 exi
1337 2309 1384 2360 at.
1432 2283 1562 2380 Hiqui
1590 2285 1655 2358 tibi
1678 2288 1752 2359 baa

553 2381 862 2464 literasadseront,
887 2383 932 2455 de
943 2383 1078 2454 taeteris
1095 2383 1196 2454 rebus
1212 2381 1418 2476 studiisque,
1444 2403 1522 2454 cum
1538 2382 1642 2468 meis,
1666 2399 1752 2455 tum·-

554 2477 682 2563 italiae,
707 2481 808 2572 plura
823 2475 951 2550 referre
964 2495 1142 2570 poterunt.
1174 2475 1223 2547 Et
1239 2477 1396 2550 lubenter
1415 2477 1582 2549 nonnulla
1605 2477 1756 2561 audiet,

458 2614 460 2621 ,
554 2595 634 2668 quae
654 2596 721 2668 ego
736 2574 780 2646 ad
794 2595 1013 2645 communem
1028 2570 1252 2644 studiosorum
1274 2572 1457 2644 utilitatem
1476 2573 1611 2644 molior.
1639 2572 1751 2645 Fran·-

557 2673 668 2757 tt'scam
697 2673 844 2740 Curtium
863 2664 1187 2758 Jnreconsultorum
1212 2665 1314 2740 saciie
1336 2667 1533 2764 Principem
1550 2665 1609 2738 bic
1632 2690 1751 2762 nupen

460 2850 463 2859 ,
555 2763 736 2836 amifimus.
788 2763 841 2835 Et·
869 2761 936 2834 ‘am
959 2763 1074 2856 agitur
1103 2761 1147 2834 de
1177 2757 1375 2836 sufficiendo
1410 2765 1559 2846 Alcinio,
1583 2781 1752 2858 putoque
1792 2839 1797 2849 ,

404 2876 406 2881 ’
554 2861 734 2952 negotium
749 2787 998 2942 successurum,
1011 2877 1088 2928 narn
1102 2853 1174 2951 ipse
1183 2860 1338 2950 captavit
1349 2859 1482 2952 pridem
1496 2860 1590 2930 bunc
1602 2860 1721 2932 locum
1730 2907 1756 2944 ,‚

556 2955 595 3027 ἃ
613 2953 769 3026 Venetus
783 2953 933 3025 Senatus
950 2954 1044 3024 mille
1063 2972 1249 3026 coronatos
1270 2955 1305 3024 in
1322 2951 1475 3046 singulos
1488 2975 1597 3024 annos
1624 2951 1742 3026 offert.

554 3047 649 3140 Vide
683 3069 820 3121 annon
845 3049 906 3121 hic
933 3047 969 3118 in
997 3048 1113 3142 pretio
1143 3044 1183 3120 srt
1215 3045 1502 3142 jurisprudentia.
1552 3045 1664 3131 Vale,
1701 3069 1755 3124 ac·

553 3146 742 3315 irtiemursiioe
773 3165 892 3238 rogo,
931 3164 972 3217 nt
1000 3143 1153 3218 audacia
1175 3161 1261 3217 meae
1283 3140 1451 3250 ignoscat.
1500 3139 1644 3220 Patavii.
1670 3163 1757 3224 virt„
1887 3171 1889 3248 ς

589 3261 636 3340 ⁰8
724 3259 910 3344 ²¹²·153,i⁴
1887 3249 1889 3262 ¹

380 3403 504 3507 Effl-
724 3395 1233 3490 Epi-,STOLA
1286 3397 1543 3496 XLVII.

379 3481 524 3643 lsi,
611 3519 1078 3615 nominati-o·
1127 3517 1688 3616 Amnnnacffln·

237 3712 242 3726 ι
380 3650 444 3702 vro.
561 3647 726 3742 Gratas.
740 3647 1004 3755 [restitutiones.
1024 3654 1149 3736 mittit
1162 3650 1511 3764 imprimendasele
1537 3657 1621 3738 anti
1649 3675 1760 3750 rme,

403 3740 507 3816 ¹⁵³3·
613 3785 735 3962 atpue
753 3782 798 3848 ut
814 3759 1115 3872 emendatiffime
1133 3787 1286 3876 quoque
1304 3678 1610 3867 excubassem
1634 3759 1750 3847 achin

611 3908 655 3964 re
672 3874 1118 3991 agendaecomnendar..
1143 3873 1218 3966 De
1234 3886 1446 3964 correctore.
1463 3894 1604 3964 monti.
1634 3871 1746 3966 Pra-

598 3984 961 4188 fntionemgunm,
989 4013 1218 4100 omnemque
1244 3992 1436 4074 rationem
1454 3983 1578 4074 aliam
1598 3992 1636 4074 ei
1648 4006 1748 4099 per·

613 4107 745 4190 mittit.
854 4131 882 4186 e
898 4095 1076 4185 methodo
1084 4105 1199 4211 juris
1226 4096 1364 4186 obiter.

663 4230 724 4304 Isrt
738 4232 855 4308 adme
868 4233 986 4305 literas
1003 4252 1100 4314 tuat,
1125 4228 1325 4306 Dotiilirme
1340 4227 1508 4323 Berisum,
1535 4229 1747 4324 lieronymus

686 4331 872 4424 frobenius,
897 4329 1044 4426 adquae
1054 4335 1130 4426 ego
1146 4327 1282 4424 pridem
1302 4327 1366 4404 tibi
1376 4321 1747 4493 respondere-eupipeic,¹
