3967 5167
546 513 623 599 188
652 494 894 603 VIGLII
920 522 990 588 Au
1019 482 1674 597 AYTTAZUchEMl

545 700 596 771 ria
624 698 684 767 illa
708 692 952 768 benevolentia
977 690 1070 763 haud
1088 693 1173 763 altas
1197 689 1334 763 radices
1354 683 1454 785 agere
1473 690 1597 786 potest.
1645 686 1739 765 Nou

541 790 677 865 inficior
700 787 847 885 potuisse
871 788 972 857 etiam
995 786 1084 857 inter
1107 806 1171 857 nos
1197 806 1353 857 mutuum
1379 787 1535 858 constare
1561 802 1737 877 amorem,

542 883 668 957 etiamst
692 906 730 954 tu
753 906 787 954 te
806 885 842 953 in
869 882 980 953 aulam
1005 882 1155 971 aliquam
1172 878 1378 953 contulisses.
1428 878 1500 954 Sed
1524 878 1606 953 etim
1619 882 1737 954 nostra

544 981 695 1063 amicitia
712 978 880 1070 originem
901 978 1006 1047 ducat
1022 997 1066 1047 ex
1088 973 1274 1045 earundem
1295 977 1471 1047 literarum
1497 975 1638 1061 studiis,
1662 996 1737 1061 non

544 1074 686 1147 dubium
708 1070 755 1143 ell
778 1072 889 1163 quin,
916 1066 1001 1141 stea
1019 1067 1120 1141 causa
1141 1090 1223 1161 quae
1248 1090 1312 1141 nos
1338 1070 1490 1161 primum
1514 1071 1738 1158 conciliavit,

542 1168 739 1249 duraverit,
763 1162 1046 1236 indissolubiliore
1061 1185 1150 1235 nexu
1165 1184 1229 1234 nos
1245 1166 1393 1234 invicem
1411 1161 1487 1235 fore
1507 1164 1737 1258 conjunstos,

543 1262 863 1353 concatenatosque.
912 1258 969 1330 An
993 1278 1108 1331 autem
1137 1256 1323 1351 expectas,
1347 1257 1395 1326 mi
1412 1257 1574 1343 Florenti,
1604 1278 1643 1329 ut
1666 1260 1747 1351 ego

544 1357 610 1428 tibi
627 1354 718 1425 aliud
735 1353 894 1425 suadeam
919 1352 1023 1447 quam
1044 1373 1082 1423 ut
1103 1352 1213 1424 hocce
1232 1374 1300 1423 tam
1322 1354 1499 1444 egregium
1517 1350 1736 1447 propositum

545 1472 614 1545 qua
636 1448 734 1542 posits
762 1447 940 1521 sedulitate
964 1444 1207 1541 persequaris?
1232 1444 1289 1519 Ex
1311 1469 1384 1539 quo
1405 1446 1544 1538 quidem
1572 1468 1642 1539 ego
1666 1449 1739 1517 hoc

545 1542 724 1637 inprimis
748 1542 861 1615 habeo
882 1541 1078 1627 commodi,
1101 1539 1198 1634 quod
1215 1558 1250 1611 te
1273 1541 1358 1611 mihi
1388 1540 1503 1611 multo
1533 1542 1733 1613 amiciorem

547 1660 721 1711 autumem
745 1636 849 1719 sore,
875 1630 977 1730 quim
1002 1634 1027 1705 st
1053 1635 1097 1706 ad
1123 1634 1248 1704 Aulam
1266 1653 1302 1707 te
1324 1631 1529 1728 contulisses.
1579 1634 1737 1722 Quando

547 1754 659 1806 autem
678 1732 720 1802 ad
742 1754 814 1803 eam
833 1729 902 1825 jam
924 1729 1061 1802 accedit
1076 1748 1210 1800 aetatem
1228 1752 1308 1823 quae
1323 1727 1449 1802 serviat
1471 1729 1617 1814 honori,
1643 1750 1738 1824 quae·

547 1850 616 1923 que
637 1850 707 1897 non
730 1848 764 1897 te
781 1826 911 1919 patitur
929 1826 966 1895 in
991 1825 1064 1895 imo
1086 1820 1242 1896 subsellio
1267 1821 1400 1917 semper
1425 1822 1555 1896 sistere:
1581 1826 1738 1917 cogitati·
1764 1888 1771 1896 .

549 1926 630 1993 dum
652 1922 717 1991 tibi
733 1916 801 2004 est,
825 1937 864 1989 ut
889 1920 925 1988 in
943 1920 1062 2008 aliquo
1082 1916 1200 1987 senatu
1217 1920 1340 2011 patriae
1355 1936 1426 1989 tuae
1448 1922 1565 1990 locum
1589 1921 1658 1991 tuis
1673 1938 1738 1990 vo·

548 2018 592 2087 tis
613 2011 796 2107 studiisque
821 2034 1016 2105 congruum
1043 2010 1222 2083 obtineas.v
1266 2011 1383 2104 Quam
1407 2010 1452 2081 ad
1479 2036 1551 2084 rem
1580 2036 1649 2084 non
1674 2015 1739 2085 du·

547 2110 641 2183 bium
668 2108 716 2180 est
743 2109 826 2201 quin
847 2110 973 2177 multos
999 2104 1043 2177 sis
1071 2105 1252 2176 habitums
1279 2122 1466 2200 patronos,
1491 2128 1535 2178 ac
1560 2110 1614 2179 uti
1641 2129 1740 2180 nunc

547 2205 727 2297 loquimur,
751 2222 978 2295 promotores.
1025 2198 1185 2271 Fortassis
1211 2200 1306 2272 dices
1331 2219 1467 2271 aetatem
1491 2200 1555 2273 tibi
1581 2200 1740 2287 obstate,

549 2299 608 2371 sed
634 2321 707 2369 eam
725 2294 900 2389 supplebit
925 2291 1094 2368 dodirinae
1118 2292 1274 2387 gradus,
1298 2318 1403 2391 quem
1425 2314 1461 2367 te
1485 2292 1614 2368 mmetfi
1631 2297 1740 2367 nobi·

547 2394 617 2471 lem
636 2394 893 2483 &opulentum
917 2412 1135 2464 contemnere
1162 2391 1279 2461 nolim.
1327 2389 1438 2459 Addit
1461 2392 1552 2461 enim
1577 2391 1674 2462 annis
1694 2391 1736 2465 &

550 2487 736 2558 eruditioni
764 2486 911 2579 aliquam
937 2485 1160 2578 opinionem,
1186 2480 1226 2554 dt
1249 2481 1293 2554 ad
1311 2481 1486 2557 consulare
1513 2483 1736 2556 senatorium·

551 2604 618 2674 que
630 2603 754 2651 munus
770 2580 957 2671 gerendum
975 2602 1046 2650 non
1061 2577 1232 2650 modicam
1243 2576 1354 2652 adfert
1368 2579 1581 2672 dignitatem.
1599 2578 1738 2667 Quam·

551 2676 672 2747 obrem
690 2694 748 2757 tu,
776 2672 836 2743 ubi
863 2694 999 2767 eaquae
1027 2670 1070 2743 ad
1094 2669 1381 2747 sorensem'usom
1420 2676 1623 2769 pertinent,
1648 2674 1741 2746 didi·

551 2770 662 2852 cetis,
686 2764 881 2860 viderisque
900 2790 942 2838 eo
961 2785 1085 2839 terem
1100 2767 1316 2860 perduxisse,
1333 2790 1373 2841 ut
1391 2767 1436 2841 de
1454 2772 1512 2841 tali
1530 2772 1650 2862 aliquo
1663 2792 1740 2841 mu·

552 2882 634 2935 nere
653 2862 872 2955 impetrando
889 2882 1003 2934 certus
1023 2858 1086 2944 fis,
1111 2860 1233 2933 suadeo
1245 2884 1285 2934 ut
1299 2864 1334 2934 in
1349 2864 1495 2957 aliquam
1512 2862 1741 2937 Academiam

552 2954 724 3049 paulisper
748 2951 884 3027 secedas
897 3004 909 3039 ,
934 2954 1068 3028 utinde
1087 2956 1253 3047 dignitate
1273 2958 1389 3051 aliqua
1414 2960 1532 3031 audeus
1555 2959 1600 3029 ad
1621 2960 1738 3054 publi·
1825 3042 1830 3053 .
1887 3001 1888 3052 3

552 3071 632 3121 cum
655 3072 781 3120 munus
801 3046 961 3123 transeat.
1010 3047 1050 3120 ld
1074 3050 1134 3120 ubi
1146 3048 1249 3122 semel
1263 3049 1466 3145 susceperis,
1490 3055 1633 3124 omnino
1654 3074 1742 3125 con·

469 3133 474 3153 ⁸
551 3142 642 3225 fido,
668 3164 703 3215 te
720 3164 788 3237 pro
801 3144 932 3237 ingenii
953 3144 1005 3215 tui
1025 3146 1226 3216 dexteritate
1249 3148 1404 3238 quotidie
1422 3151 1677 3231 connixurum,
1698 3167 1744 3219 ot

553 3240 597 3309 ad
619 3240 775 3309 altiorem
792 3236 938 3333 gradum
964 3240 1106 3310 honoria
1128 3240 1275 3311 voceris.
1311 3239 1404 3335 ,Ego
1421 3264 1508 3314 vero
1525 3243 1620 3313 varia
1640 3240 1737 3313 Pru»

554 3334 641 3428 cipis
672 3334 740 3403 mei
775 3332 913 3405 fortuna
944 3352 1044 3405 antea
1065 3330 1238 3429 jadiatus,
1271 3356 1352 3429 quae
1381 3357 1495 3407 tamen
1527 3335 1600 3429 ipsa
1619 3338 1742 3407 laetuttt

553 3428 691 3497 tandem
713 3429 841 3499 exitum
868 3424 1048 3499 consecuta
1069 3425 1139 3511 est,
1170 3432 1240 3501 huc
1259 3450 1318 3500 me
1334 3427 1424 3522 quafi
1452 3432 1486 3501 in
1512 3448 1627 3502 totum
1649 3453 1746 3504 tran·

554 3522 769 3615 quillumque
787 3524 956 3616 quendam
975 3540 1115 3617 portum
1131 3524 1258 3615 recepi.
1282 3524 1336 3595 Ac
1349 3548 1392 3594 ea
1413 3526 1571 3597 conditio
1586 3527 1634 3597 ita
1655 3524 1744 3597 milti

555 3615 671 3687 adhuc
690 3616 821 3707 placet,
845 3640 883 3688 ut
902 3639 972 3689 non
991 3616 1084 3690 aliud
1101 3614 1286 3688 defiderem
1309 3617 1411 3711 quam
1434 3640 1474 3690 ut
1497 3619 1538 3691 ed
1560 3622 1647 3691 mihi
1661 3642 1746 3714 per·

552 3710 661 3805 petud
689 3710 740 3782 uti
762 3712 871 3781 liceat.
931 3708 993 3781 Est
1018 3710 1257 3782 nobilisstmum
1292 3710 1605 3807 selediiffimumque
1637 3716 1745 3785 colle-

579 3806 648 3874 ium
668 3808 690 3888 ,'
711 3804 868 3899 constans
891 3828 934 3875 ex
962 3802 1190 3888 Comitibua,
1223 3804 1425 3892 nobilibus,
1450 3808 1486 3879 dc
1510 3805 1739 3883 Dostoribur.

500 3910 503 3917 ·
553 3828 688 3985 iudicis
711 3918 826 3970 autem
849 3900 964 3969 locum
982 3917 1164 3971 vacantem
1193 3920 1305 3993 nuper
1327 3898 1473 3995 suscepit
1494 3900 1578 3972 Dux
1599 3900 1741 3993 yram

553 3986 728 4078 Ravana,
755 4016 825 4086 quo
843 3990 992 4065 Praesrde
1014 4018 1084 4065 non
1100 4016 1248 4085 parvum
1267 4016 1506 4067 ornamentum
1524 3998 1605 4068 huic
1621 3990 1743 4068 nostro

553 4082 691 4175 Judicio
716 4088 867 4159 accedet.
924 4086 972 4157 Et
1004 4087 1159 4160 salarium
1192 4110 1341 4161 annuum
1371 4086 1421 4160 est
1446 4090 1549 4184 supra
1574 4110 1655 4182 700.
1681 4110 1744 4163 ve·

553 4177 672 4251 stratas
699 4202 818 4254 aureos
845 4180 1040 4254 Carolinos.
1089 4182 1212 4253 Talem
1242 4184 1475 4256 conditionem
1505 4183 1646 4278 quando
1667 4202 1744 4255 tan·

551 4274 633 4348 deur
656 4276 748 4370 apud
775 4298 841 4351 vot
866 4278 1051 4373 impetrate
1079 4274 1297 4373 potuilleml
1326 4278 1450 4373 Itaque
1471 4281 1569 4357 uidet
1592 4299 1653 4356 me
1672 4300 1746 4350 uon

1671 4395 1747 4447 om·
