<?xml version="1.0" encoding="UTF-8"?>
<!DOCTYPE html PUBLIC "-//W3C//DTD XHTML 1.0 Transitional//EN"
    "http://www.w3.org/TR/xhtml1/DTD/xhtml1-transitional.dtd">
<html xmlns="http://www.w3.org/1999/xhtml" xml:lang="en" lang="en">
 <head>
  <title>
</title>
<meta http-equiv="Content-Type" content="text/html;charset=utf-8" />
  <meta name='ocr-system' content='tesseract 3.04.00' />
  <meta name='ocr-capabilities' content='ocr_page ocr_carea ocr_par ocr_line ocrx_word'/>
</head>
<body>
  <div class='ocr_page' id='page_1' title='image "./vitavigliiabayt04papegoog_0264.png"; bbox 0 0 3967 5167; ppageno 0'>
   <div class='ocr_carea' id='block_1_1' title="bbox 291 470 1415 679">
    <p class='ocr_par' dir='ltr' id='par_1_1' title="bbox 291 470 1415 679">
     <span class='ocr_line' id='line_1_1' title="bbox 291 470 1415 679; baseline 0.004 -41"><span class='ocrx_word' id='word_1_1' title='bbox 291 470 505 651; x_wconf 71' lang='lat' dir='ltr'>,aaran</span> <span class='ocrx_word' id='word_1_2' title='bbox 533 512 842 651; x_wconf 65' lang='lat' dir='ltr'>sarucia</span> <span class='ocrx_word' id='word_1_3' title='bbox 860 540 938 679; x_wconf 43' lang='lat' dir='ltr'>‚aa</span> <span class='ocrx_word' id='word_1_4' title='bbox 965 538 1297 657; x_wconf 71' lang='lat' dir='ltr'>navamus.</span> <span class='ocrx_word' id='word_1_5' title='bbox 1316 548 1415 671; x_wconf 48' lang='lat'>‘241</span> 
     </span>
    </p>
   </div>
   <div class='ocr_carea' id='block_1_2' title="bbox 105 739 1604 4591">
    <p class='ocr_par' dir='ltr' id='par_1_2' title="bbox 105 739 1527 839">
     <span class='ocr_line' id='line_1_2' title="bbox 105 739 1527 839; baseline -0.005 -20"><span class='ocrx_word' id='word_1_6' title='bbox 105 778 107 803; x_wconf 69' lang='lat'><em>÷</em></span> <span class='ocrx_word' id='word_1_7' title='bbox 221 743 387 821; x_wconf 82' lang='lat' dir='ltr'>videlicet</span> <span class='ocrx_word' id='word_1_8' title='bbox 409 742 531 817; x_wconf 75' lang='lat' dir='ltr'>illicite</span> <span class='ocrx_word' id='word_1_9' title='bbox 547 742 606 839; x_wconf 79' lang='lat' dir='ltr'>jos</span> <span class='ocrx_word' id='word_1_10' title='bbox 637 740 860 839; x_wconf 89' lang='lat' dir='ltr'>usurpando,</span> <span class='ocrx_word' id='word_1_11' title='bbox 885 743 921 815; x_wconf 91' lang='lat' dir='ltr'>in</span> <span class='ocrx_word' id='word_1_12' title='bbox 946 765 1035 837; x_wconf 87' lang='lat' dir='ltr'>quoa</span> <span class='ocrx_word' id='word_1_13' title='bbox 1053 742 1246 837; x_wconf 87' lang='lat' dir='ltr'>legitimum</span> <span class='ocrx_word' id='word_1_14' title='bbox 1269 739 1336 815; x_wconf 85' lang='lat' dir='ltr'>fibi</span> <span class='ocrx_word' id='word_1_15' title='bbox 1352 743 1425 813; x_wconf 71' lang='lat' dir='ltr'>int·</span> <span class='ocrx_word' id='word_1_16' title='bbox 1523 758 1527 766; x_wconf 83' lang='grc'>’</span> 
     </span>
    </p>

    <p class='ocr_par' dir='ltr' id='par_1_3' title="bbox 105 818 1423 937">
     <span class='ocr_line' id='line_1_3' title="bbox 105 818 1423 937; baseline -0.003 -22"><span class='ocrx_word' id='word_1_17' title='bbox 105 818 107 885; x_wconf 61' lang='lat'><strong>³</strong></span> <span class='ocrx_word' id='word_1_18' title='bbox 219 842 352 937; x_wconf 91' lang='lat' dir='ltr'>perium</span> <span class='ocrx_word' id='word_1_19' title='bbox 378 864 448 914; x_wconf 91' lang='lat' dir='ltr'>non</span> <span class='ocrx_word' id='word_1_20' title='bbox 463 842 648 935; x_wconf 85' lang='lat' dir='ltr'>comperit.</span> <span class='ocrx_word' id='word_1_21' title='bbox 700 838 944 929; x_wconf 71' lang='lat' dir='ltr'>Quamobrem</span> <span class='ocrx_word' id='word_1_22' title='bbox 961 863 1034 911; x_wconf 88' lang='lat' dir='ltr'>non</span> <span class='ocrx_word' id='word_1_23' title='bbox 1053 840 1161 911; x_wconf 88' lang='lat' dir='ltr'>modd</span> <span class='ocrx_word' id='word_1_24' title='bbox 1180 840 1266 913; x_wconf 88' lang='lat' dir='ltr'>mibi</span> <span class='ocrx_word' id='word_1_25' title='bbox 1281 839 1343 913; x_wconf 89' lang='lat' dir='ltr'>ista</span> <span class='ocrx_word' id='word_1_26' title='bbox 1353 860 1423 911; x_wconf 77' lang='lat' dir='ltr'>ree</span> 
     </span>
    </p>

    <p class='ocr_par' dir='ltr' id='par_1_4' title="bbox 105 924 1418 1034">
     <span class='ocr_line' id='line_1_4' title="bbox 105 924 1418 1034; baseline -0.002 -24"><span class='ocrx_word' id='word_1_27' title='bbox 105 924 107 1033; x_wconf 60' lang='grc' dir='ltr'>ζ</span> <span class='ocrx_word' id='word_1_28' title='bbox 218 961 288 1010; x_wconf 93' lang='lat' dir='ltr'>non</span> <span class='ocrx_word' id='word_1_29' title='bbox 311 936 424 1034; x_wconf 88' lang='lat' dir='ltr'>potest</span> <span class='ocrx_word' id='word_1_30' title='bbox 436 936 606 1033; x_wconf 86' lang='lat' dir='ltr'>probari,</span> <span class='ocrx_word' id='word_1_31' title='bbox 632 936 690 1009; x_wconf 91' lang='lat' dir='ltr'>sed</span> <span class='ocrx_word' id='word_1_32' title='bbox 714 956 884 1032; x_wconf 88' lang='lat' dir='ltr'>quantum</span> <span class='ocrx_word' id='word_1_33' title='bbox 912 961 956 1011; x_wconf 80' lang='lat' dir='ltr'>ert</span> <span class='ocrx_word' id='word_1_34' title='bbox 981 937 1250 1025; x_wconf 81' lang='lat' dir='ltr'>nonnullorum,</span> <span class='ocrx_word' id='word_1_35' title='bbox 1275 936 1337 1033; x_wconf 89' lang='lat' dir='ltr'>qui</span> <span class='ocrx_word' id='word_1_36' title='bbox 1353 958 1418 1007; x_wconf 76' lang='lat' dir='ltr'>no</span> 
     </span>
    </p>

    <p class='ocr_par' dir='ltr' id='par_1_5' title="bbox 105 1022 1595 1131">
     <span class='ocr_line' id='line_1_5' title="bbox 105 1022 1510 1129; baseline -0.004 -20"><span class='ocrx_word' id='word_1_37' title='bbox 105 1070 107 1125; x_wconf 48' lang='lat' dir='ltr'>l</span> <span class='ocrx_word' id='word_1_38' title='bbox 219 1058 274 1109; x_wconf 86' lang='lat' dir='ltr'>vae</span> <span class='ocrx_word' id='word_1_39' title='bbox 297 1034 480 1129; x_wconf 76' lang='lat' dir='ltr'>religionis</span> <span class='ocrx_word' id='word_1_40' title='bbox 501 1026 683 1107; x_wconf 83' lang='lat' dir='ltr'>Antistites</span> <span class='ocrx_word' id='word_1_41' title='bbox 701 1022 901 1115; x_wconf 85' lang='lat' dir='ltr'>habentur,</span> <span class='ocrx_word' id='word_1_42' title='bbox 927 1030 1082 1129; x_wconf 87' lang='lat' dir='ltr'>scriptis,</span> <span class='ocrx_word' id='word_1_43' title='bbox 1106 1030 1272 1128; x_wconf 71' lang='lat' dir='ltr'>hactenus</span> <span class='ocrx_word' id='word_1_44' title='bbox 1290 1034 1417 1105; x_wconf 89' lang='lat' dir='ltr'>intelli·</span> <span class='ocrx_word' id='word_1_45' title='bbox 1507 1052 1510 1056; x_wconf 71' lang='grc'>’</span> 
     </span>
    </p>

    <p class='ocr_par' dir='ltr' id='par_1_6' title="bbox 105 1126 1591 1322">
     <span class='ocr_line' id='line_1_6' title="bbox 217 1126 1522 1228; baseline -0.003 -23.316"><span class='ocrx_word' id='word_1_46' title='bbox 217 1152 298 1227; x_wconf 86' lang='lat' dir='ltr'>gete</span> <span class='ocrx_word' id='word_1_47' title='bbox 313 1133 488 1228; x_wconf 79' lang='lat' dir='ltr'>potuitne</span> <span class='ocrx_word' id='word_1_48' title='bbox 506 1132 573 1202; x_wconf 89' lang='lat' dir='ltr'>illis</span> <span class='ocrx_word' id='word_1_49' title='bbox 591 1129 730 1225; x_wconf 89' lang='lat' dir='ltr'>quidem</span> <span class='ocrx_word' id='word_1_50' title='bbox 741 1186 751 1221; x_wconf 91' lang='lat'>,</span> <span class='ocrx_word' id='word_1_51' title='bbox 762 1154 850 1226; x_wconf 85' lang='lat' dir='ltr'>quos</span> <span class='ocrx_word' id='word_1_52' title='bbox 867 1130 921 1203; x_wconf 90' lang='lat' dir='ltr'>isti</span> <span class='ocrx_word' id='word_1_53' title='bbox 939 1126 1010 1202; x_wconf 81' lang='lat' dir='ltr'>suae</span> <span class='ocrx_word' id='word_1_54' title='bbox 1026 1131 1194 1203; x_wconf 73' lang='lat' dir='ltr'>dostriuae</span> <span class='ocrx_word' id='word_1_55' title='bbox 1209 1130 1418 1225; x_wconf 85' lang='lat' dir='ltr'>istarumque</span> <span class='ocrx_word' id='word_1_56' title='bbox 1517 1130 1522 1156; x_wconf 80' lang='lat'>³</span> 
     </span>
     <span class='ocr_line' id='line_1_7' title="bbox 217 1224 1591 1322; baseline -0.004 -21"><span class='ocrx_word' id='word_1_57' title='bbox 217 1250 335 1303; x_wconf 88' lang='lat' dir='ltr'>rerum</span> <span class='ocrx_word' id='word_1_58' title='bbox 363 1224 603 1303; x_wconf 86' lang='lat' dir='ltr'>novandarum</span> <span class='ocrx_word' id='word_1_59' title='bbox 628 1229 793 1303; x_wconf 82' lang='lat' dir='ltr'>authores</span> <span class='ocrx_word' id='word_1_60' title='bbox 838 1226 1070 1314; x_wconf 73' lang='lat' dir='ltr'>terendum,</span> <span class='ocrx_word' id='word_1_61' title='bbox 1102 1224 1266 1322; x_wconf 87' lang='lat' dir='ltr'>usurpata</span> <span class='ocrx_word' id='word_1_62' title='bbox 1285 1227 1419 1321; x_wconf 83' lang='lat' dir='ltr'>innon</span> <span class='ocrx_word' id='word_1_63' title='bbox 1587 1260 1591 1268; x_wconf 89' lang='lat'>·</span> 
     </span>
    </p>

    <p class='ocr_par' dir='ltr' id='par_1_7' title="bbox 105 1252 1423 1902">
     <span class='ocr_line' id='line_1_8' title="bbox 105 1252 1420 1421; baseline -0.004 -21"><span class='ocrx_word' id='word_1_64' title='bbox 105 1342 107 1359; x_wconf 69' lang='lat'>⁵</span> <span class='ocrx_word' id='word_1_65' title='bbox 216 1322 378 1399; x_wconf 81' lang='lat' dir='ltr'>subditos</span> <span class='ocrx_word' id='word_1_66' title='bbox 398 1321 572 1420; x_wconf 76' lang='lat' dir='ltr'>potestas„</span> <span class='ocrx_word' id='word_1_67' title='bbox 595 1326 790 1421; x_wconf 82' lang='lat' dir='ltr'>tyrannidis</span> <span class='ocrx_word' id='word_1_68' title='bbox 809 1252 959 1421; x_wconf 56' lang='lat' dir='ltr'>beclem</span> <span class='ocrx_word' id='word_1_69' title='bbox 976 1322 1195 1419; x_wconf 86' lang='lat' dir='ltr'>praelerens‚</span> <span class='ocrx_word' id='word_1_70' title='bbox 1220 1326 1281 1397; x_wconf 89' lang='lat' dir='ltr'>vel</span> <span class='ocrx_word' id='word_1_71' title='bbox 1303 1322 1420 1417; x_wconf 88' lang='lat' dir='ltr'>place·</span> 
     </span>
     <span class='ocr_line' id='line_1_9' title="bbox 216 1417 1420 1515; baseline -0.003 -20"><span class='ocrx_word' id='word_1_72' title='bbox 216 1444 255 1495; x_wconf 91' lang='lat' dir='ltr'>re</span> <span class='ocrx_word' id='word_1_73' title='bbox 278 1422 341 1495; x_wconf 86' lang='lat' dir='ltr'>vel</span> <span class='ocrx_word' id='word_1_74' title='bbox 365 1418 519 1497; x_wconf 81' lang='lat' dir='ltr'>excusari</span> <span class='ocrx_word' id='word_1_75' title='bbox 539 1421 665 1515; x_wconf 88' lang='lat' dir='ltr'>potest.</span> <span class='ocrx_word' id='word_1_76' title='bbox 713 1420 915 1500; x_wconf 86' lang='lat' dir='ltr'>Conturbat</span> <span class='ocrx_word' id='word_1_77' title='bbox 938 1423 1030 1495; x_wconf 89' lang='lat' dir='ltr'>enim</span> <span class='ocrx_word' id='word_1_78' title='bbox 1050 1418 1228 1515; x_wconf 84' lang='lat' dir='ltr'>publicam</span> <span class='ocrx_word' id='word_1_79' title='bbox 1254 1417 1420 1514; x_wconf 86' lang='lat' dir='ltr'>tranquil·</span> 
     </span>
     <span class='ocr_line' id='line_1_10' title="bbox 215 1515 1423 1613; baseline -0.002 -23"><span class='ocrx_word' id='word_1_80' title='bbox 215 1518 372 1603; x_wconf 90' lang='lat' dir='ltr'>litatem,</span> <span class='ocrx_word' id='word_1_81' title='bbox 398 1515 435 1589; x_wconf 74' lang='grc' dir='ltr'>δι</span> <span class='ocrx_word' id='word_1_82' title='bbox 460 1518 496 1592; x_wconf 90' lang='lat' dir='ltr'>in</span> <span class='ocrx_word' id='word_1_83' title='bbox 515 1520 661 1612; x_wconf 89' lang='lat' dir='ltr'>vulgum</span> <span class='ocrx_word' id='word_1_84' title='bbox 680 1516 956 1613; x_wconf 22' lang='lat' dir='ltr'>seditionis-jacit</span> <span class='ocrx_word' id='word_1_85' title='bbox 971 1515 1169 1605; x_wconf 90' lang='lat' dir='ltr'>seminaria,</span> <span class='ocrx_word' id='word_1_86' title='bbox 1194 1517 1279 1590; x_wconf 90' lang='lat' dir='ltr'>olim</span> <span class='ocrx_word' id='word_1_87' title='bbox 1292 1538 1423 1610; x_wconf 87' lang='lat' dir='ltr'>magno</span> 
     </span>
     <span class='ocr_line' id='line_1_11' title="bbox 217 1610 1419 1711; baseline 0 -26"><span class='ocrx_word' id='word_1_88' title='bbox 217 1617 313 1686; x_wconf 88' lang='lat' dir='ltr'>malo</span> <span class='ocrx_word' id='word_1_89' title='bbox 337 1632 577 1709; x_wconf 81' lang='lat' dir='ltr'>proruptura,</span> <span class='ocrx_word' id='word_1_90' title='bbox 613 1614 735 1709; x_wconf 88' lang='lat' dir='ltr'>resque</span> <span class='ocrx_word' id='word_1_91' title='bbox 767 1616 929 1711; x_wconf 85' lang='lat' dir='ltr'>politicas</span> <span class='ocrx_word' id='word_1_92' title='bbox 958 1610 1187 1687; x_wconf 85' lang='lat' dir='ltr'>miserandum</span> <span class='ocrx_word' id='word_1_93' title='bbox 1210 1614 1248 1687; x_wconf 87' lang='lat' dir='ltr'>in</span> <span class='ocrx_word' id='word_1_94' title='bbox 1274 1610 1419 1685; x_wconf 87' lang='lat' dir='ltr'>modum</span> 
     </span>
     <span class='ocr_line' id='line_1_12' title="bbox 218 1706 1421 1810; baseline -0.002 -23"><span class='ocrx_word' id='word_1_95' title='bbox 218 1708 363 1805; x_wconf 84' lang='lat' dir='ltr'>diffipat.</span> <span class='ocrx_word' id='word_1_96' title='bbox 414 1708 521 1783; x_wconf 89' lang='lat' dir='ltr'>Haud</span> <span class='ocrx_word' id='word_1_97' title='bbox 546 1709 653 1803; x_wconf 90' lang='lat' dir='ltr'>igitur</span> <span class='ocrx_word' id='word_1_98' title='bbox 671 1711 775 1785; x_wconf 86' lang='lat' dir='ltr'>valde</span> <span class='ocrx_word' id='word_1_99' title='bbox 802 1710 889 1783; x_wconf 85' lang='lat' dir='ltr'>mihi</span> <span class='ocrx_word' id='word_1_100' title='bbox 906 1734 996 1809; x_wconf 91' lang='lat' dir='ltr'>opus</span> <span class='ocrx_word' id='word_1_101' title='bbox 1023 1706 1121 1810; x_wconf 72' lang='lat' dir='ltr'>fuisse</span> <span class='ocrx_word' id='word_1_102' title='bbox 1138 1710 1280 1783; x_wconf 89' lang='lat' dir='ltr'>videtur</span> <span class='ocrx_word' id='word_1_103' title='bbox 1303 1709 1421 1805; x_wconf 71' lang='lat' dir='ltr'>aliqua</span> 
     </span>
     <span class='ocr_line' id='line_1_13' title="bbox 217 1804 1420 1902; baseline -0.002 -21"><span class='ocrx_word' id='word_1_104' title='bbox 217 1806 409 1902; x_wconf 83' lang='lat' dir='ltr'>Apologia.</span> <span class='ocrx_word' id='word_1_105' title='bbox 458 1804 556 1878; x_wconf 85' lang='lat' dir='ltr'>Nam</span> <span class='ocrx_word' id='word_1_106' title='bbox 577 1808 628 1879; x_wconf 90' lang='lat' dir='ltr'>illi</span> <span class='ocrx_word' id='word_1_107' title='bbox 655 1809 716 1902; x_wconf 88' lang='lat' dir='ltr'>qui</span> <span class='ocrx_word' id='word_1_108' title='bbox 741 1808 858 1883; x_wconf 89' lang='lat' dir='ltr'>album</span> <span class='ocrx_word' id='word_1_109' title='bbox 887 1810 1007 1883; x_wconf 87' lang='lat' dir='ltr'>album</span> <span class='ocrx_word' id='word_1_110' title='bbox 1032 1826 1193 1894; x_wconf 88' lang='lat' dir='ltr'>vocant,</span> <span class='ocrx_word' id='word_1_111' title='bbox 1218 1804 1420 1901; x_wconf 81' lang='lat' dir='ltr'>&amp;nigrum</span> 
     </span>
    </p>

    <p class='ocr_par' dir='ltr' id='par_1_8' title="bbox 105 1901 1421 1999">
     <span class='ocr_line' id='line_1_14' title="bbox 105 1901 1421 1999; baseline -0.003 -22"><span class='ocrx_word' id='word_1_112' title='bbox 105 1952 107 1985; x_wconf 68' lang='lat'>,</span> <span class='ocrx_word' id='word_1_113' title='bbox 218 1904 389 1999; x_wconf 83' lang='lat' dir='ltr'>nigrum,</span> <span class='ocrx_word' id='word_1_114' title='bbox 413 1924 488 1976; x_wconf 85' lang='lat' dir='ltr'>rem</span> <span class='ocrx_word' id='word_1_115' title='bbox 519 1922 563 1975; x_wconf 84' lang='lat' dir='ltr'>ex</span> <span class='ocrx_word' id='word_1_116' title='bbox 585 1901 620 1978; x_wconf 85' lang='lat' dir='ltr'>se</span> <span class='ocrx_word' id='word_1_117' title='bbox 648 1906 844 1991; x_wconf 85' lang='lat' dir='ltr'>aestimant,</span> <span class='ocrx_word' id='word_1_118' title='bbox 870 1905 908 1979; x_wconf 76' lang='grc' dir='ltr'>δι</span> <span class='ocrx_word' id='word_1_119' title='bbox 932 1905 1123 1979; x_wconf 88' lang='lat' dir='ltr'>verborum</span> <span class='ocrx_word' id='word_1_120' title='bbox 1144 1904 1325 1976; x_wconf 87' lang='lat' dir='ltr'>lenocinio</span> <span class='ocrx_word' id='word_1_121' title='bbox 1348 1926 1421 1979; x_wconf 91' lang='lat' dir='ltr'>uon</span> 
     </span>
    </p>

    <p class='ocr_par' dir='ltr' id='par_1_9' title="bbox 105 1997 1422 2096">
     <span class='ocr_line' id='line_1_15' title="bbox 105 1997 1422 2096; baseline 0 -23"><span class='ocrx_word' id='word_1_122' title='bbox 105 2020 106 2073; x_wconf 86' lang='lat'>3</span> <span class='ocrx_word' id='word_1_123' title='bbox 218 2003 418 2095; x_wconf 82' lang='lat' dir='ltr'>capiuntur.</span> <span class='ocrx_word' id='word_1_124' title='bbox 471 1997 543 2071; x_wconf 85' lang='lat' dir='ltr'>Alii</span> <span class='ocrx_word' id='word_1_125' title='bbox 558 2022 671 2087; x_wconf 87' lang='lat' dir='ltr'>vero,</span> <span class='ocrx_word' id='word_1_126' title='bbox 696 2024 785 2096; x_wconf 85' lang='lat' dir='ltr'>quos</span> <span class='ocrx_word' id='word_1_127' title='bbox 809 2003 903 2076; x_wconf 88' lang='lat' dir='ltr'>idem</span> <span class='ocrx_word' id='word_1_128' title='bbox 926 2000 1133 2075; x_wconf 87' lang='lat' dir='ltr'>fermentum</span> <span class='ocrx_word' id='word_1_129' title='bbox 1147 2000 1309 2094; x_wconf 89' lang='lat' dir='ltr'>corrupit</span> <span class='ocrx_word' id='word_1_130' title='bbox 1322 2050 1336 2087; x_wconf 88' lang='lat'>‚</span> <span class='ocrx_word' id='word_1_131' title='bbox 1360 2022 1422 2073; x_wconf 80' lang='lat' dir='ltr'>ota</span> 
     </span>
    </p>

    <p class='ocr_par' dir='ltr' id='par_1_10' title="bbox 105 2095 1590 2388">
     <span class='ocr_line' id='line_1_16' title="bbox 105 2095 1423 2193; baseline 0.001 -26"><span class='ocrx_word' id='word_1_132' title='bbox 105 2190 106 2193; x_wconf 4' lang='grc' dir='ltr'><strong>Ἴ</strong></span> <span class='ocrx_word' id='word_1_133' title='bbox 219 2096 354 2182; x_wconf 84' lang='lat' dir='ltr'>habent</span> <span class='ocrx_word' id='word_1_134' title='bbox 378 2118 449 2171; x_wconf 90' lang='lat' dir='ltr'>non</span> <span class='ocrx_word' id='word_1_135' title='bbox 473 2118 593 2185; x_wconf 89' lang='lat' dir='ltr'>aures,</span> <span class='ocrx_word' id='word_1_136' title='bbox 619 2097 657 2171; x_wconf 79' lang='lat' dir='ltr'>dt</span> <span class='ocrx_word' id='word_1_137' title='bbox 686 2095 746 2171; x_wconf 90' lang='lat' dir='ltr'>sua</span> <span class='ocrx_word' id='word_1_138' title='bbox 771 2118 916 2176; x_wconf 35' lang='lat' dir='ltr'>tautum,</span> <span class='ocrx_word' id='word_1_139' title='bbox 937 2096 1076 2172; x_wconf 88' lang='lat' dir='ltr'>fortiter</span> <span class='ocrx_word' id='word_1_140' title='bbox 1102 2098 1313 2171; x_wconf 84' lang='lat' dir='ltr'>declamant:</span> <span class='ocrx_word' id='word_1_141' title='bbox 1341 2120 1423 2192; x_wconf 84' lang='lat' dir='ltr'>quae</span> 
     </span>
     <span class='ocr_line' id='line_1_17' title="bbox 219 2191 1590 2291; baseline -0.001 -24"><span class='ocrx_word' id='word_1_142' title='bbox 219 2194 311 2267; x_wconf 78' lang='lat' dir='ltr'>vero</span> <span class='ocrx_word' id='word_1_143' title='bbox 337 2191 589 2289; x_wconf 83' lang='lat' dir='ltr'>respondentur</span> <span class='ocrx_word' id='word_1_144' title='bbox 608 2214 669 2267; x_wconf 89' lang='lat' dir='ltr'>aut</span> <span class='ocrx_word' id='word_1_145' title='bbox 697 2214 975 2291; x_wconf 83' lang='lat' dir='ltr'>retorquentur,</span> <span class='ocrx_word' id='word_1_146' title='bbox 1010 2193 1122 2267; x_wconf 83' lang='lat' dir='ltr'>surdis</span> <span class='ocrx_word' id='word_1_147' title='bbox 1150 2193 1292 2273; x_wconf 81' lang='lat' dir='ltr'>auribus</span> <span class='ocrx_word' id='word_1_148' title='bbox 1312 2192 1421 2275; x_wconf 85' lang='lat' dir='ltr'>obau·</span> <span class='ocrx_word' id='word_1_149' title='bbox 1586 2248 1590 2255; x_wconf 88' lang='lat'><em>.</em></span> 
     </span>
     <span class='ocr_line' id='line_1_18' title="bbox 220 2288 1556 2388; baseline 0.003 -25"><span class='ocrx_word' id='word_1_150' title='bbox 220 2290 345 2363; x_wconf 52' lang='lat' dir='ltr'>diuutae</span> <span class='ocrx_word' id='word_1_151' title='bbox 394 2288 608 2386; x_wconf 84' lang='lat' dir='ltr'>Quanquam</span> <span class='ocrx_word' id='word_1_152' title='bbox 631 2308 754 2366; x_wconf 85' lang='lat' dir='ltr'>tamen</span> <span class='ocrx_word' id='word_1_153' title='bbox 784 2292 957 2388; x_wconf 81' lang='lat' dir='ltr'>ejusmodi</span> <span class='ocrx_word' id='word_1_154' title='bbox 991 2292 1103 2365; x_wconf 87' lang='lat' dir='ltr'>libelli</span> <span class='ocrx_word' id='word_1_155' title='bbox 1133 2289 1323 2373; x_wconf 81' lang='lat' dir='ltr'>mendaciis</span> <span class='ocrx_word' id='word_1_156' title='bbox 1348 2291 1423 2383; x_wconf 80' lang='lat' dir='ltr'>ple·</span> <span class='ocrx_word' id='word_1_157' title='bbox 1553 2320 1556 2325; x_wconf 93' lang='lat'>·</span> 
     </span>
    </p>

    <p class='ocr_par' dir='ltr' id='par_1_11' title="bbox 105 2385 1424 2484">
     <span class='ocr_line' id='line_1_19' title="bbox 105 2385 1424 2484; baseline 0 -25"><span class='ocrx_word' id='word_1_158' title='bbox 105 2442 106 2445; x_wconf 63' lang='lat'>,</span> <span class='ocrx_word' id='word_1_159' title='bbox 221 2411 299 2477; x_wconf 81' lang='lat' dir='ltr'>rum</span> <span class='ocrx_word' id='word_1_160' title='bbox 326 2410 372 2461; x_wconf 91' lang='lat' dir='ltr'>ue</span> <span class='ocrx_word' id='word_1_161' title='bbox 388 2385 667 2476; x_wconf 89' lang='lat' dir='ltr'>consarciautur,</span> <span class='ocrx_word' id='word_1_162' title='bbox 692 2388 820 2484; x_wconf 89' lang='lat' dir='ltr'>quibus</span> <span class='ocrx_word' id='word_1_163' title='bbox 846 2386 1023 2466; x_wconf 83' lang='lat' dir='ltr'>bonorum</span> <span class='ocrx_word' id='word_1_164' title='bbox 1048 2389 1123 2460; x_wconf 84' lang='lat' dir='ltr'>vita</span> <span class='ocrx_word' id='word_1_165' title='bbox 1144 2409 1186 2461; x_wconf 88' lang='lat' dir='ltr'>ac</span> <span class='ocrx_word' id='word_1_166' title='bbox 1211 2408 1324 2461; x_wconf 81' lang='lat' dir='ltr'>motet</span> <span class='ocrx_word' id='word_1_167' title='bbox 1340 2407 1424 2482; x_wconf 90' lang='lat' dir='ltr'>pru·</span> 
     </span>
    </p>

    <p class='ocr_par' dir='ltr' id='par_1_12' title="bbox 105 2411 1426 2580">
     <span class='ocr_line' id='line_1_20' title="bbox 105 2411 1426 2580; baseline 0 -23"><span class='ocrx_word' id='word_1_168' title='bbox 105 2488 107 2537; x_wconf 65' lang='lat' dir='ltr'>t</span> <span class='ocrx_word' id='word_1_169' title='bbox 220 2411 447 2568; x_wconf 47' lang='lat' dir='ltr'>scinduntur,</span> <span class='ocrx_word' id='word_1_170' title='bbox 472 2487 618 2559; x_wconf 87' lang='lat' dir='ltr'>omnino</span> <span class='ocrx_word' id='word_1_171' title='bbox 636 2484 768 2559; x_wconf 80' lang='lat' dir='ltr'>necesse</span> <span class='ocrx_word' id='word_1_172' title='bbox 789 2484 858 2571; x_wconf 80' lang='lat' dir='ltr'>eli,</span> <span class='ocrx_word' id='word_1_173' title='bbox 882 2507 944 2556; x_wconf 88' lang='lat' dir='ltr'>eos</span> <span class='ocrx_word' id='word_1_174' title='bbox 963 2482 1058 2580; x_wconf 89' lang='lat' dir='ltr'>apud</span> <span class='ocrx_word' id='word_1_175' title='bbox 1080 2482 1194 2557; x_wconf 83' lang='lat' dir='ltr'>bonos</span> <span class='ocrx_word' id='word_1_176' title='bbox 1213 2484 1310 2559; x_wconf 78' lang='lat' dir='ltr'>viros</span> <span class='ocrx_word' id='word_1_177' title='bbox 1324 2481 1426 2568; x_wconf 81' lang='lat' dir='ltr'>resel-</span> 
     </span>
    </p>

    <p class='ocr_par' dir='ltr' id='par_1_13' title="bbox 105 2577 1427 2676">
     <span class='ocr_line' id='line_1_21' title="bbox 105 2577 1427 2676; baseline -0.002 -21"><span class='ocrx_word' id='word_1_178' title='bbox 105 2578 106 2655; x_wconf 69' lang='grc' dir='ltr'>ἶ</span> <span class='ocrx_word' id='word_1_179' title='bbox 222 2581 319 2667; x_wconf 90' lang='lat' dir='ltr'>lere,</span> <span class='ocrx_word' id='word_1_180' title='bbox 344 2602 388 2653; x_wconf 90' lang='lat' dir='ltr'>ne</span> <span class='ocrx_word' id='word_1_181' title='bbox 408 2578 578 2653; x_wconf 78' lang='lat' dir='ltr'>silentium</span> <span class='ocrx_word' id='word_1_182' title='bbox 604 2604 742 2667; x_wconf 88' lang='lat' dir='ltr'>eorum,</span> <span class='ocrx_word' id='word_1_183' title='bbox 768 2582 830 2675; x_wconf 90' lang='lat' dir='ltr'>qui</span> <span class='ocrx_word' id='word_1_184' title='bbox 853 2578 1113 2667; x_wconf 78' lang='lat' dir='ltr'>infamulantur,</span> <span class='ocrx_word' id='word_1_185' title='bbox 1137 2577 1427 2676; x_wconf 81' lang='lat' dir='ltr'>aliquameotum</span> 
     </span>
    </p>

    <p class='ocr_par' dir='ltr' id='par_1_14' title="bbox 105 2674 1426 2871">
     <span class='ocr_line' id='line_1_22' title="bbox 105 2674 1426 2775; baseline -0.002 -22"><span class='ocrx_word' id='word_1_186' title='bbox 105 2694 107 2697; x_wconf 82' lang='grc'><strong>’</strong></span> <span class='ocrx_word' id='word_1_187' title='bbox 220 2675 471 2753; x_wconf 88' lang='lat' dir='ltr'>conscientiam</span> <span class='ocrx_word' id='word_1_188' title='bbox 492 2698 625 2771; x_wconf 88' lang='lat' dir='ltr'>arguat.</span> <span class='ocrx_word' id='word_1_189' title='bbox 677 2676 717 2749; x_wconf 94' lang='lat' dir='ltr'>ln</span> <span class='ocrx_word' id='word_1_190' title='bbox 735 2677 864 2774; x_wconf 84' lang='lat' dir='ltr'>quibus</span> <span class='ocrx_word' id='word_1_191' title='bbox 886 2678 971 2751; x_wconf 84' lang='lat' dir='ltr'>mihi</span> <span class='ocrx_word' id='word_1_192' title='bbox 987 2697 1080 2752; x_wconf 86' lang='lat' dir='ltr'>certe</span> <span class='ocrx_word' id='word_1_193' title='bbox 1100 2674 1156 2751; x_wconf 75' lang='lat' dir='ltr'>isti</span> <span class='ocrx_word' id='word_1_194' title='bbox 1168 2699 1311 2773; x_wconf 87' lang='lat' dir='ltr'>quoque</span> <span class='ocrx_word' id='word_1_195' title='bbox 1327 2677 1426 2775; x_wconf 83' lang='lat' dir='ltr'>Apo-</span> 
     </span>
     <span class='ocr_line' id='line_1_23' title="bbox 221 2771 1426 2871; baseline 0.002 -24"><span class='ocrx_word' id='word_1_196' title='bbox 221 2773 331 2868; x_wconf 86' lang='lat' dir='ltr'>logiae</span> <span class='ocrx_word' id='word_1_197' title='bbox 350 2771 469 2847; x_wconf 83' lang='lat' dir='ltr'>dentes</span> <span class='ocrx_word' id='word_1_198' title='bbox 485 2772 581 2845; x_wconf 88' lang='lat' dir='ltr'>baud</span> <span class='ocrx_word' id='word_1_199' title='bbox 598 2772 741 2851; x_wconf 86' lang='lat' dir='ltr'>desuiffe</span> <span class='ocrx_word' id='word_1_200' title='bbox 756 2776 933 2871; x_wconf 79' lang='lat' dir='ltr'>videntur,</span> <span class='ocrx_word' id='word_1_201' title='bbox 957 2772 1116 2853; x_wconf 85' lang='lat' dir='ltr'>Viciffim</span> <span class='ocrx_word' id='word_1_202' title='bbox 1131 2776 1223 2846; x_wconf 87' lang='lat' dir='ltr'>enim</span> <span class='ocrx_word' id='word_1_203' title='bbox 1239 2774 1318 2860; x_wconf 69' lang='lat' dir='ltr'>satia</span> <span class='ocrx_word' id='word_1_204' title='bbox 1335 2776 1426 2849; x_wconf 90' lang='lat' dir='ltr'>acri·</span> 
     </span>
    </p>

    <p class='ocr_par' dir='ltr' id='par_1_15' title="bbox 105 2868 1426 2967">
     <span class='ocr_line' id='line_1_24' title="bbox 105 2868 1426 2967; baseline 0.001 -24"><span class='ocrx_word' id='word_1_205' title='bbox 105 2930 107 2957; x_wconf 30' lang='grc' dir='ltr'>ς</span> <span class='ocrx_word' id='word_1_206' title='bbox 223 2889 280 2943; x_wconf 92' lang='lat' dir='ltr'>ter</span> <span class='ocrx_word' id='word_1_207' title='bbox 319 2873 477 2955; x_wconf 88' lang='lat' dir='ltr'>mordet,</span> <span class='ocrx_word' id='word_1_208' title='bbox 507 2868 567 2943; x_wconf 90' lang='lat' dir='ltr'>sed</span> <span class='ocrx_word' id='word_1_209' title='bbox 598 2892 796 2967; x_wconf 88' lang='lat' dir='ltr'>provocato</span> <span class='ocrx_word' id='word_1_210' title='bbox 825 2870 989 2961; x_wconf 70' lang='lat' dir='ltr'>sadliue,</span> <span class='ocrx_word' id='word_1_211' title='bbox 1018 2869 1043 2945; x_wconf 82' lang='lat' dir='ltr'>sr</span> <span class='ocrx_word' id='word_1_212' title='bbox 1069 2868 1104 2943; x_wconf 90' lang='lat' dir='ltr'>se</span> <span class='ocrx_word' id='word_1_213' title='bbox 1131 2869 1258 2945; x_wconf 87' lang='lat' dir='ltr'>ulcisci</span> <span class='ocrx_word' id='word_1_214' title='bbox 1289 2872 1426 2962; x_wconf 87' lang='lat' dir='ltr'>voluit,</span> 
     </span>
    </p>

    <p class='ocr_par' dir='ltr' id='par_1_16' title="bbox 105 2966 1492 3258">
     <span class='ocr_line' id='line_1_25' title="bbox 105 2966 1492 3063; baseline 0 -21"><span class='ocrx_word' id='word_1_215' title='bbox 105 2980 106 2989; x_wconf 77' lang='grc'>’</span> <span class='ocrx_word' id='word_1_216' title='bbox 222 2966 363 3042; x_wconf 86' lang='lat' dir='ltr'>veniam</span> <span class='ocrx_word' id='word_1_217' title='bbox 385 2967 465 3063; x_wconf 88' lang='lat' dir='ltr'>jura</span> <span class='ocrx_word' id='word_1_218' title='bbox 496 2966 671 3043; x_wconf 74' lang='lat' dir='ltr'>tribuunt:</span> <span class='ocrx_word' id='word_1_219' title='bbox 720 2968 781 3045; x_wconf 93' lang='lat' dir='ltr'>De</span> <span class='ocrx_word' id='word_1_220' title='bbox 808 2970 851 3043; x_wconf 85' lang='lat' dir='ltr'>iis</span> <span class='ocrx_word' id='word_1_221' title='bbox 889 2992 971 3063; x_wconf 88' lang='lat' dir='ltr'>quae</span> <span class='ocrx_word' id='word_1_222' title='bbox 994 2966 1140 3043; x_wconf 80' lang='lat' dir='ltr'>Caesaris</span> <span class='ocrx_word' id='word_1_223' title='bbox 1174 2967 1426 3042; x_wconf 79' lang='lat' dir='ltr'>Vite-&#39;cancel·</span> <span class='ocrx_word' id='word_1_224' title='bbox 1489 2981 1492 2987; x_wconf 82' lang='grc'><em>“</em></span> 
     </span>
     <span class='ocr_line' id='line_1_26' title="bbox 223 3062 1425 3161; baseline 0.003 -24"><span class='ocrx_word' id='word_1_225' title='bbox 223 3064 332 3149; x_wconf 81' lang='lat' dir='ltr'>larius</span> <span class='ocrx_word' id='word_1_226' title='bbox 357 3063 569 3138; x_wconf 81' lang='lat' dir='ltr'>Smalkaldae</span> <span class='ocrx_word' id='word_1_227' title='bbox 594 3064 777 3151; x_wconf 73' lang='lat' dir='ltr'>tratiavit,</span> <span class='ocrx_word' id='word_1_228' title='bbox 802 3088 849 3139; x_wconf 85' lang='lat' dir='ltr'>ex</span> <span class='ocrx_word' id='word_1_229' title='bbox 872 3062 948 3161; x_wconf 89' lang='lat' dir='ltr'>ipso</span> <span class='ocrx_word' id='word_1_230' title='bbox 979 3068 1150 3140; x_wconf 88' lang='lat' dir='ltr'>nonnulla</span> <span class='ocrx_word' id='word_1_231' title='bbox 1173 3067 1425 3161; x_wconf 77' lang='lat' dir='ltr'>cognovimus,</span> 
     </span>
     <span class='ocr_line' id='line_1_27' title="bbox 225 3158 1427 3258; baseline -0.001 -25"><span class='ocrx_word' id='word_1_232' title='bbox 225 3182 398 3255; x_wconf 89' lang='lat' dir='ltr'>quatenus</span> <span class='ocrx_word' id='word_1_233' title='bbox 422 3158 554 3234; x_wconf 88' lang='lat' dir='ltr'>scilicet</span> <span class='ocrx_word' id='word_1_234' title='bbox 580 3184 640 3235; x_wconf 85' lang='lat' dir='ltr'>aut</span> <span class='ocrx_word' id='word_1_235' title='bbox 663 3164 706 3237; x_wconf 86' lang='lat' dir='ltr'>ad</span> <span class='ocrx_word' id='word_1_236' title='bbox 729 3186 794 3237; x_wconf 79' lang='lat' dir='ltr'>nos</span> <span class='ocrx_word' id='word_1_237' title='bbox 820 3162 1093 3258; x_wconf 87' lang='lat' dir='ltr'>pertinuerunt,</span> <span class='ocrx_word' id='word_1_238' title='bbox 1118 3182 1176 3236; x_wconf 90' lang='lat' dir='ltr'>aut</span> <span class='ocrx_word' id='word_1_239' title='bbox 1195 3166 1240 3234; x_wconf 90' lang='lat' dir='ltr'>ab</span> <span class='ocrx_word' id='word_1_240' title='bbox 1268 3160 1344 3256; x_wconf 90' lang='lat' dir='ltr'>ipso</span> <span class='ocrx_word' id='word_1_241' title='bbox 1363 3186 1427 3257; x_wconf 87' lang='lat' dir='ltr'>pu·</span> 
     </span>
    </p>

    <p class='ocr_par' dir='ltr' id='par_1_17' title="bbox 105 3252 1428 3347">
     <span class='ocr_line' id='line_1_28' title="bbox 105 3252 1428 3347; baseline -0.002 -18"><span class='ocrx_word' id='word_1_242' title='bbox 105 3340 106 3347; x_wconf 13' lang='lat'>,</span> <span class='ocrx_word' id='word_1_243' title='bbox 223 3252 319 3329; x_wconf 90' lang='lat' dir='ltr'>blico</span> <span class='ocrx_word' id='word_1_244' title='bbox 335 3260 474 3330; x_wconf 90' lang='lat' dir='ltr'>nomine</span> <span class='ocrx_word' id='word_1_245' title='bbox 492 3255 567 3331; x_wconf 74' lang='lat' dir='ltr'>atta</span> <span class='ocrx_word' id='word_1_246' title='bbox 583 3256 672 3333; x_wconf 86' lang='lat' dir='ltr'>sunt.</span> <span class='ocrx_word' id='word_1_247' title='bbox 723 3260 841 3334; x_wconf 89' lang='lat' dir='ltr'>Multa</span> <span class='ocrx_word' id='word_1_248' title='bbox 864 3277 979 3335; x_wconf 90' lang='lat' dir='ltr'>autem</span> <span class='ocrx_word' id='word_1_249' title='bbox 991 3260 1163 3342; x_wconf 83' lang='lat' dir='ltr'>arbitror,</span> <span class='ocrx_word' id='word_1_250' title='bbox 1189 3281 1226 3328; x_wconf 88' lang='lat' dir='ltr'>re</span> <span class='ocrx_word' id='word_1_251' title='bbox 1250 3258 1297 3330; x_wconf 87' lang='lat' dir='ltr'>ita</span> <span class='ocrx_word' id='word_1_252' title='bbox 1317 3256 1428 3329; x_wconf 84' lang='lat' dir='ltr'>seren·</span> 
     </span>
    </p>

    <p class='ocr_par' dir='ltr' id='par_1_18' title="bbox 172 3350 1429 3548">
     <span class='ocr_line' id='line_1_29' title="bbox 172 3350 1429 3451; baseline -0.005 -22"><span class='ocrx_word' id='word_1_253' title='bbox 172 3370 175 3379; x_wconf 86' lang='grc'><strong>“</strong></span> <span class='ocrx_word' id='word_1_254' title='bbox 224 3372 283 3441; x_wconf 82' lang='lat' dir='ltr'>te,</span> <span class='ocrx_word' id='word_1_255' title='bbox 310 3377 392 3427; x_wconf 87' lang='lat' dir='ltr'>cum</span> <span class='ocrx_word' id='word_1_256' title='bbox 410 3354 480 3425; x_wconf 82' lang='lat' dir='ltr'>illis</span> <span class='ocrx_word' id='word_1_257' title='bbox 497 3355 681 3447; x_wconf 86' lang='lat' dir='ltr'>privatim,</span> <span class='ocrx_word' id='word_1_258' title='bbox 705 3357 775 3429; x_wconf 90' lang='lat' dir='ltr'>hoc</span> <span class='ocrx_word' id='word_1_259' title='bbox 796 3356 866 3441; x_wconf 88' lang='lat' dir='ltr'>est,</span> <span class='ocrx_word' id='word_1_260' title='bbox 890 3378 961 3431; x_wconf 90' lang='lat' dir='ltr'>non</span> <span class='ocrx_word' id='word_1_261' title='bbox 976 3356 1085 3451; x_wconf 87' lang='lat' dir='ltr'>legati</span> <span class='ocrx_word' id='word_1_262' title='bbox 1104 3353 1246 3426; x_wconf 87' lang='lat' dir='ltr'>nomine</span> <span class='ocrx_word' id='word_1_263' title='bbox 1265 3376 1346 3426; x_wconf 91' lang='lat' dir='ltr'>eum</span> <span class='ocrx_word' id='word_1_264' title='bbox 1364 3350 1429 3425; x_wconf 89' lang='lat' dir='ltr'>dis·</span> 
     </span>
     <span class='ocr_line' id='line_1_30' title="bbox 223 3448 1428 3548; baseline -0.001 -27"><span class='ocrx_word' id='word_1_265' title='bbox 223 3450 386 3545; x_wconf 82' lang='lat' dir='ltr'>putasse,</span> <span class='ocrx_word' id='word_1_266' title='bbox 410 3470 431 3521; x_wconf 85' lang='lat' dir='ltr'>a</span> <span class='ocrx_word' id='word_1_267' title='bbox 453 3448 578 3547; x_wconf 83' lang='lat' dir='ltr'>quibus</span> <span class='ocrx_word' id='word_1_268' title='bbox 610 3448 778 3541; x_wconf 76' lang='lat' dir='ltr'>Caesareae</span> <span class='ocrx_word' id='word_1_269' title='bbox 799 3452 988 3548; x_wconf 87' lang='lat' dir='ltr'>Majestatis</span> <span class='ocrx_word' id='word_1_270' title='bbox 1009 3450 1428 3545; x_wconf 71' lang='lat' dir='ltr'>authoritatemprudem</span> 
     </span>
    </p>

    <p class='ocr_par' dir='ltr' id='par_1_19' title="bbox 105 3544 1428 3644">
     <span class='ocr_line' id='line_1_31' title="bbox 105 3544 1428 3644; baseline 0 -27"><span class='ocrx_word' id='word_1_271' title='bbox 105 3630 106 3637; x_wconf 7' lang='grc' dir='ltr'>ἵ</span> <span class='ocrx_word' id='word_1_272' title='bbox 224 3567 284 3619; x_wconf 89' lang='lat' dir='ltr'>ter</span> <span class='ocrx_word' id='word_1_273' title='bbox 303 3544 522 3641; x_wconf 86' lang='lat' dir='ltr'>separaverit.</span> <span class='ocrx_word' id='word_1_274' title='bbox 574 3546 623 3619; x_wconf 89' lang='lat' dir='ltr'>Et</span> <span class='ocrx_word' id='word_1_275' title='bbox 649 3546 730 3621; x_wconf 79' lang='lat' dir='ltr'>crim</span> <span class='ocrx_word' id='word_1_276' title='bbox 754 3549 908 3622; x_wconf 89' lang='lat' dir='ltr'>nostrum</span> <span class='ocrx_word' id='word_1_277' title='bbox 936 3548 1135 3644; x_wconf 87' lang='lat' dir='ltr'>Collegium</span> <span class='ocrx_word' id='word_1_278' title='bbox 1154 3569 1199 3617; x_wconf 82' lang='lat' dir='ltr'>ex</span> <span class='ocrx_word' id='word_1_279' title='bbox 1223 3550 1328 3622; x_wconf 82' lang='lat' dir='ltr'>variis</span> <span class='ocrx_word' id='word_1_280' title='bbox 1344 3568 1428 3619; x_wconf 90' lang='lat' dir='ltr'>con·</span> 
     </span>
    </p>

    <p class='ocr_par' dir='ltr' id='par_1_20' title="bbox 105 3639 1429 3742">
     <span class='ocr_line' id='line_1_32' title="bbox 105 3639 1429 3742; baseline 0.002 -29"><span class='ocrx_word' id='word_1_281' title='bbox 105 3642 135 3741; x_wconf 25' lang='lat'>&#39;¹</span> <span class='ocrx_word' id='word_1_282' title='bbox 225 3641 294 3733; x_wconf 85' lang='lat' dir='ltr'>stet</span> <span class='ocrx_word' id='word_1_283' title='bbox 333 3639 525 3737; x_wconf 80' lang='lat' dir='ltr'>capitibus,</span> <span class='ocrx_word' id='word_1_284' title='bbox 561 3647 766 3720; x_wconf 86' lang='lat' dir='ltr'>relationem</span> <span class='ocrx_word' id='word_1_285' title='bbox 796 3646 871 3742; x_wconf 83' lang='lat' dir='ltr'>ejus</span> <span class='ocrx_word' id='word_1_286' title='bbox 899 3647 1033 3740; x_wconf 84' lang='lat' dir='ltr'>negotii</span> <span class='ocrx_word' id='word_1_287' title='bbox 1058 3646 1107 3716; x_wconf 91' lang='lat' dir='ltr'>ita</span> <span class='ocrx_word' id='word_1_288' title='bbox 1132 3646 1363 3741; x_wconf 87' lang='lat' dir='ltr'>temperavit,</span> <span class='ocrx_word' id='word_1_289' title='bbox 1388 3665 1429 3716; x_wconf 91' lang='lat' dir='ltr'>ut</span> 
     </span>
    </p>

    <p class='ocr_par' dir='ltr' id='par_1_21' title="bbox 105 3736 1429 3838">
     <span class='ocr_line' id='line_1_33' title="bbox 105 3736 1429 3838; baseline 0 -27"><span class='ocrx_word' id='word_1_290' title='bbox 105 3786 107 3823; x_wconf 33' lang='grc' dir='ltr'>ἱ</span> <span class='ocrx_word' id='word_1_291' title='bbox 226 3738 437 3811; x_wconf 88' lang='lat' dir='ltr'>omnimodo</span> <span class='ocrx_word' id='word_1_292' title='bbox 455 3736 625 3811; x_wconf 84' lang='lat' dir='ltr'>Caesareae</span> <span class='ocrx_word' id='word_1_293' title='bbox 644 3740 818 3838; x_wconf 88' lang='lat' dir='ltr'>Majestati</span> <span class='ocrx_word' id='word_1_294' title='bbox 866 3743 1020 3817; x_wconf 83' lang='lat' dir='ltr'>ublitam</span> <span class='ocrx_word' id='word_1_295' title='bbox 1040 3736 1242 3815; x_wconf 72' lang='lat' dir='ltr'>Germaniae</span> <span class='ocrx_word' id='word_1_296' title='bbox 1261 3740 1429 3835; x_wconf 87' lang='lat' dir='ltr'>tranquil·</span> 
     </span>
    </p>

    <p class='ocr_par' dir='ltr' id='par_1_22' title="bbox 105 3768 1429 4030">
     <span class='ocr_line' id='line_1_34' title="bbox 105 3768 1429 3933; baseline 0.002 -24"><span class='ocrx_word' id='word_1_297' title='bbox 105 3824 107 3897; x_wconf 65' lang='grc' dir='ltr'><em>ἕ</em></span> <span class='ocrx_word' id='word_1_298' title='bbox 226 3837 361 3909; x_wconf 88' lang='lat' dir='ltr'>litatem</span> <span class='ocrx_word' id='word_1_299' title='bbox 382 3832 483 3907; x_wconf 86' lang='lat' dir='ltr'>cordi</span> <span class='ocrx_word' id='word_1_300' title='bbox 500 3830 564 3907; x_wconf 80' lang='lat' dir='ltr'>else</span> <span class='ocrx_word' id='word_1_301' title='bbox 583 3834 800 3925; x_wconf 87' lang='lat' dir='ltr'>ostenderet,</span> <span class='ocrx_word' id='word_1_302' title='bbox 826 3768 917 3913; x_wconf 51' lang='lat' dir='ltr'>AElvi</span> <span class='ocrx_word' id='word_1_303' title='bbox 944 3857 1059 3912; x_wconf 89' lang='lat' dir='ltr'>tamen</span> <span class='ocrx_word' id='word_1_304' title='bbox 1085 3834 1184 3932; x_wconf 86' lang='lat' dir='ltr'>(fine</span> <span class='ocrx_word' id='word_1_305' title='bbox 1202 3837 1272 3933; x_wconf 74' lang='lat' dir='ltr'>qud</span> <span class='ocrx_word' id='word_1_306' title='bbox 1293 3838 1353 3909; x_wconf 92' lang='lat' dir='ltr'>illa</span> <span class='ocrx_word' id='word_1_307' title='bbox 1369 3836 1429 3911; x_wconf 87' lang='lat' dir='ltr'>diu</span> 
     </span>
     <span class='ocr_line' id='line_1_35' title="bbox 226 3928 1426 4030; baseline 0.003 -25"><span class='ocrx_word' id='word_1_308' title='bbox 226 3928 413 4005; x_wconf 74' lang='lat' dir='ltr'>consistere</span> <span class='ocrx_word' id='word_1_309' title='bbox 438 3930 586 4025; x_wconf 88' lang='lat' dir='ltr'>nequit)</span> <span class='ocrx_word' id='word_1_310' title='bbox 613 3932 723 4017; x_wconf 76' lang='lat' dir='ltr'>libera</span> <span class='ocrx_word' id='word_1_311' title='bbox 738 3934 877 4029; x_wconf 83' lang='lat' dir='ltr'>justitiae</span> <span class='ocrx_word' id='word_1_312' title='bbox 904 3933 1219 4020; x_wconf 88' lang='lat' dir='ltr'>administratione,</span> <span class='ocrx_word' id='word_1_313' title='bbox 1245 3934 1369 4030; x_wconf 76' lang='lat' dir='ltr'>quarn</span> <span class='ocrx_word' id='word_1_314' title='bbox 1388 3959 1426 4009; x_wconf 87' lang='lat' dir='ltr'>re</span> 
     </span>
    </p>

    <p class='ocr_par' dir='ltr' id='par_1_23' title="bbox 105 4017 1604 4130">
     <span class='ocr_line' id='line_1_36' title="bbox 105 4017 1604 4130; baseline 0.003 -31"><span class='ocrx_word' id='word_1_315' title='bbox 105 4074 107 4113; x_wconf 64' lang='lat' dir='ltr'>r</span> <span class='ocrx_word' id='word_1_316' title='bbox 253 4050 310 4099; x_wconf 87' lang='lat' dir='ltr'>uae</span> <span class='ocrx_word' id='word_1_317' title='bbox 334 4026 377 4101; x_wconf 89' lang='lat' dir='ltr'>de</span> <span class='ocrx_word' id='word_1_318' title='bbox 399 4029 502 4100; x_wconf 87' lang='lat' dir='ltr'>nobis</span> <span class='ocrx_word' id='word_1_319' title='bbox 537 4024 776 4103; x_wconf 79' lang='lat' dir='ltr'>protestantes</span> <span class='ocrx_word' id='word_1_320' title='bbox 806 4030 936 4107; x_wconf 86' lang='lat' dir='ltr'>fuerint</span> <span class='ocrx_word' id='word_1_321' title='bbox 968 4031 1149 4127; x_wconf 87' lang='lat' dir='ltr'>conquesti</span> <span class='ocrx_word' id='word_1_322' title='bbox 1160 4063 1183 4116; x_wconf 91' lang='lat'>·,</span> <span class='ocrx_word' id='word_1_323' title='bbox 1217 4033 1253 4104; x_wconf 84' lang='lat' dir='ltr'>lit</span> <span class='ocrx_word' id='word_1_324' title='bbox 1275 4032 1365 4130; x_wconf 83' lang='lat' dir='ltr'>¹quae</span> <span class='ocrx_word' id='word_1_325' title='bbox 1389 4030 1429 4104; x_wconf 87' lang='lat' dir='ltr'>stt</span> <span class='ocrx_word' id='word_1_326' title='bbox 1460 4017 1604 4110; x_wconf 67' lang='lat' dir='ltr'>*aegea</span> 
     </span>
    </p>

    <p class='ocr_par' dir='ltr' id='par_1_24' title="bbox 105 4052 1602 4232">
     <span class='ocr_line' id='line_1_37' title="bbox 105 4052 1602 4232; baseline 0.003 -35"><span class='ocrx_word' id='word_1_327' title='bbox 105 4118 106 4135; x_wconf 56' lang='lat'>¹</span> <span class='ocrx_word' id='word_1_328' title='bbox 229 4052 377 4221; x_wconf 47' lang='lat' dir='ltr'>{reseris</span> <span class='ocrx_word' id='word_1_329' title='bbox 403 4126 600 4207; x_wconf 87' lang='lat' dir='ltr'>voluntas,</span> <span class='ocrx_word' id='word_1_330' title='bbox 627 4124 719 4197; x_wconf 89' lang='lat' dir='ltr'>clare</span> <span class='ocrx_word' id='word_1_331' title='bbox 743 4126 912 4221; x_wconf 73' lang='lat' dir='ltr'>exposuit.</span> <span class='ocrx_word' id='word_1_332' title='bbox 945 4126 1053 4215; x_wconf 63' lang='lat' dir='ltr'>,cum</span> <span class='ocrx_word' id='word_1_333' title='bbox 1077 4124 1164 4207; x_wconf 84' lang='lat' dir='ltr'>vcrd</span> <span class='ocrx_word' id='word_1_334' title='bbox 1189 4126 1310 4223; x_wconf 84' lang='lat' dir='ltr'>sponte</span> <span class='ocrx_word' id='word_1_335' title='bbox 1335 4144 1430 4226; x_wconf 82' lang='lat' dir='ltr'>corn·</span> <span class='ocrx_word' id='word_1_336' title='bbox 1459 4096 1602 4232; x_wconf 52' lang='grc' dir='ltr'>ξζζῖυζξῖ</span> 
     </span>
    </p>

    <p class='ocr_par' dir='ltr' id='par_1_25' title="bbox 105 4216 1576 4323">
     <span class='ocr_line' id='line_1_38' title="bbox 105 4216 1576 4323; baseline 0.003 -30"><span class='ocrx_word' id='word_1_337' title='bbox 105 4278 106 4283; x_wconf 30' lang='lat'>1</span> <span class='ocrx_word' id='word_1_338' title='bbox 228 4222 407 4295; x_wconf 83' lang='lat' dir='ltr'>municare</span> <span class='ocrx_word' id='word_1_339' title='bbox 431 4244 471 4294; x_wconf 89' lang='lat' dir='ltr'>ea</span> <span class='ocrx_word' id='word_1_340' title='bbox 498 4216 727 4310; x_wconf 64' lang='lat' dir='ltr'>admiseras,</span> <span class='ocrx_word' id='word_1_341' title='bbox 752 4219 1000 4318; x_wconf 64' lang='lat' dir='ltr'>haud‘poffum</span> <span class='ocrx_word' id='word_1_342' title='bbox 1017 4222 1166 4299; x_wconf 83' lang='lat' dir='ltr'>refutare</span> <span class='ocrx_word' id='word_1_343' title='bbox 1190 4226 1210 4263; x_wconf 80' lang='lat'><em>*</em></span> <span class='ocrx_word' id='word_1_344' title='bbox 1233 4224 1427 4323; x_wconf 69' lang='lat' dir='ltr'>praesertim</span> <span class='ocrx_word' id='word_1_345' title='bbox 1460 4218 1576 4319; x_wconf 61' lang='lat' dir='ltr'>entire,</span> 
     </span>
    </p>

    <p class='ocr_par' dir='ltr' id='par_1_26' title="bbox 105 4316 1575 4423">
     <span class='ocr_line' id='line_1_39' title="bbox 105 4316 1575 4423; baseline 0 -36"><span class='ocrx_word' id='word_1_346' title='bbox 105 4346 106 4375; x_wconf 62' lang='lat' dir='ltr'>t</span> <span class='ocrx_word' id='word_1_347' title='bbox 228 4332 270 4423; x_wconf 81' lang='lat' dir='ltr'>ut</span> <span class='ocrx_word' id='word_1_348' title='bbox 287 4319 368 4392; x_wconf 88' lang='lat' dir='ltr'>inde</span> <span class='ocrx_word' id='word_1_349' title='bbox 384 4316 610 4421; x_wconf 79' lang='lat' dir='ltr'>cognoscam,</span> <span class='ocrx_word' id='word_1_350' title='bbox 634 4316 663 4390; x_wconf 83' lang='lat' dir='ltr'>st</span> <span class='ocrx_word' id='word_1_351' title='bbox 683 4322 769 4418; x_wconf 91' lang='lat' dir='ltr'>quid</span> <span class='ocrx_word' id='word_1_352' title='bbox 790 4323 937 4416; x_wconf 81' lang='lat' dir='ltr'>amplius</span> <span class='ocrx_word' id='word_1_353' title='bbox 953 4325 988 4394; x_wconf 93' lang='lat' dir='ltr'>iu</span> <span class='ocrx_word' id='word_1_354' title='bbox 1006 4324 1048 4397; x_wconf 87' lang='lat' dir='ltr'>iis</span> <span class='ocrx_word' id='word_1_355' title='bbox 1066 4325 1300 4411; x_wconf 85' lang='lat' dir='ltr'>contineatur,</span> <span class='ocrx_word' id='word_1_356' title='bbox 1327 4324 1430 4416; x_wconf 75' lang='lat' dir='ltr'>quim</span> <span class='ocrx_word' id='word_1_357' title='bbox 1461 4342 1508 4387; x_wconf 77' lang='lat' dir='ltr'>aut</span> <span class='ocrx_word' id='word_1_358' title='bbox 1526 4329 1575 4387; x_wconf 81' lang='lat' dir='ltr'>ab·</span> 
     </span>
    </p>

    <p class='ocr_par' dir='ltr' id='par_1_27' title="bbox 105 4410 1552 4589">
     <span class='ocr_line' id='line_1_40' title="bbox 105 4410 1552 4589; baseline -0.001 -100"><span class='ocrx_word' id='word_1_359' title='bbox 105 4424 107 4489; x_wconf 70' lang='lat'><em>3</em></span> <span class='ocrx_word' id='word_1_360' title='bbox 225 4412 363 4583; x_wconf 75' lang='lat' dir='ltr'>adTnos</span> <span class='ocrx_word' id='word_1_361' title='bbox 382 4415 595 4588; x_wconf 64' lang='lat' dir='ltr'>pIervenerit.</span> <span class='ocrx_word' id='word_1_362' title='bbox 648 4414 893 4589; x_wconf 71' lang='lat' dir='ltr'>Quamobrept1</span> <span class='ocrx_word' id='word_1_363' title='bbox 902 4410 1030 4589; x_wconf 67' lang='lat' dir='ltr'>lpuael&#39;o</span> <span class='ocrx_word' id='word_1_364' title='bbox 1051 4442 1089 4495; x_wconf 90' lang='lat' dir='ltr'>ut</span> <span class='ocrx_word' id='word_1_365' title='bbox 1111 4419 1172 4495; x_wconf 91' lang='lat' dir='ltr'>ubi</span> <span class='ocrx_word' id='word_1_366' title='bbox 1190 4436 1430 4586; x_wconf 64' lang='lat' dir='ltr'>opportunupt</span> <span class='ocrx_word' id='word_1_367' title='bbox 1462 4422 1552 4549; x_wconf 50' lang='grc' dir='ltr'>ἔζη</span> 
     </span>
    </p>

    <p class='ocr_par' dir='ltr' id='par_1_28' title="bbox 307 4526 1520 4591">
     <span class='ocr_line' id='line_1_41' title="bbox 307 4526 1520 4591; baseline 0.002 -7"><span class='ocrx_word' id='word_1_368' title='bbox 307 4534 365 4584; x_wconf 88' lang='lat' dir='ltr'>om.</span> <span class='ocrx_word' id='word_1_369' title='bbox 428 4562 437 4582; x_wconf 88' lang='lat'><strong>.</strong></span> <span class='ocrx_word' id='word_1_370' title='bbox 735 4564 742 4591; x_wconf 83' lang='lat'>.</span> <span class='ocrx_word' id='word_1_371' title='bbox 1368 4534 1433 4586; x_wconf 83' lang='lat' dir='ltr'>ttt</span> <span class='ocrx_word' id='word_1_372' title='bbox 1512 4526 1520 4543; x_wconf 81' lang='lat'><em>⁰</em></span> 
     </span>
    </p>
   </div>
   <div class='ocr_carea' id='block_1_3' title="bbox 1547 4604 1551 4614">
    <p class='ocr_par' dir='ltr' id='par_1_29' title="bbox 1547 4604 1551 4614">
     <span class='ocr_line' id='line_1_42' title="bbox 1547 4604 1551 4614; baseline 0 0"><span class='ocrx_word' id='word_1_373' title='bbox 1547 4604 1551 4614; x_wconf 86' lang='grc' dir='ltr'>ι</span> 
     </span>
    </p>
   </div>
   <div class='ocr_carea' id='block_1_4' title="bbox 0 0 2001 5167">
    <p class='ocr_par' dir='ltr' id='par_1_30' title="bbox 0 0 2001 5167">
     <span class='ocr_line' id='line_1_43' title="bbox 0 0 2001 5167; baseline 0 0"><span class='ocrx_word' id='word_1_374' title='bbox 0 0 2001 5167; x_wconf 95' lang='lat' dir='ltr'> </span> 
     </span>
    </p>
   </div>
  </div>
 </body>
</html>
