3967 5167
106 468 1442 670 *mmfflmfflfflmmm

106 726 108 841 ξ
238 742 299 817 etii
325 740 390 815 iint
411 743 506 816 hand
532 744 581 818 ita
603 742 719 837 magni
740 742 932 826 momenti,
965 761 1080 815 tamen
1104 744 1269 837 quoniam
1295 746 1436 841 ingenui

106 860 108 921 ζ
239 843 287 913 est
309 840 414 910 animi
437 860 508 911 non
535 838 714 934 despicere
740 836 765 911 fi
793 840 870 935 quis
898 840 1041 910 meliora
1061 837 1276 933 soggefferit,
1301 863 1434 931 mutare

106 1006 107 1017 ,
238 936 384 1006 Curtium
400 936 535 1031 pudere
551 935 755 1029 nonjjdebet.
807 936 862 1007 Ac
884 938 993 1007 tribus
1013 937 1049 1005 in
1075 934 1278 1028 praefatione
1304 940 1432 1011 additia

160 1048 166 1059 ·
234 1030 511 1117 verbis,'iotam
528 1018 843 1127 istam'tr‘agaediam
861 1028 1004 1103 fortasis
1024 1052 1095 1101 non
1114 1028 1204 1101 maie
1226 1033 1429 1128 consopiet,

106 1210 108 1227 ἕ
233 1125 373 1200 iidicat
388 1150 461 1199 non
481 1124 579 1199 fuiffe
609 1126 673 1199 irbi
691 1131 862 1215 animum,
887 1127 1053 1197 Narniam
1078 1124 1306 1219 suggillandi,
1332 1152 1429 1201 eum·

232 1248 305 1319 que
327 1224 418 1297 aded
443 1221 478 1295 se
503 1246 574 1296 non
595 1244 841 1311 contemnere,
864 1242 903 1295 ut
922 1221 965 1295 ab
993 1243 1036 1293 eo
1059 1225 1182 1293 meiius
1206 1219 1360 1317 suggesta
1383 1224 1432 1296 se·

231 1324 298 1417 qni
323 1342 396 1391 non
413 1314 521 1391 fuerit
544 1338 723 1415 gravatus:
747 1321 840 1391 idern
864 1318 898 1389 se
921 1336 1104 1411 rogarent
1126 1315 1234 1389 faciat
1258 1320 1425 1406 Nunnius,

230 1438 342 1511 atque
370 1414 522 1505 cinnamo
553 1416 716 1511 deinceps
743 1413 896 1500 desinat,
921 1414 1063 1506 quando
1078 1415 1173 1507 quod
1198 1411 1330 1486 fae-eum
1355 1412 1430 1502 est,

230 1514 395 1588 revocari
414 1515 548 1609 nequit.
597 1510 692 1583 Bene
711 1512 802 1582 vale.
829 1530 887 1597 25.
914 1507 1046 1602 Aprilis
1076 1519 1180 1602 1532

397 1708 967 1803 -EPIST'OLA
1022 1708 1205 1807 XCV.
1326 1843 1330 1854 ι
1465 1726 1586 1789 aare

1465 1828 1513 1867 mo
1534 1806 1593 1868 III.

256 1923 753 2021 'sanpnano
811 1924 1365 2041 Monranotr
1460 1884 1587 1955 am,

106 2144 108 2231 J
230 2144 307 2238 De
339 2150 515 2239 amicitia
532 2142 740 2261 servanda
761 2146 959 2262 praeclare
980 2148 1139 2261 stetit,
1178 2151 1236 2243 ἔθ’
1265 2150 1426 2239 Monto-
1475 2138 1586 2241 1537?

554 2286 650 2348 rrum
675 2256 794 2372 jubet
822 2258 893 2373 effe
908 2258 1109 2375 securum.
1659 2270 1662 2275 ’

225 2475 463 2641 AManter
480 2477 622 2572 qnidem
640 2495 699 2561 tu,
719 2472 936 2549 Ornatiffime
948 2476 1126 2562 Montana,
1143 2474 1269 2551 nostrae
1285 2476 1425 2551 consue·

347 2574 476 2645 tudinis
500 2575 703 2645 memoriam
719 2570 882 2661 refricas,
906 2572 965 2644 sed
987 2592 1101 2645 tamen
1118 2598 1188 2646 non
1204 2571 1339 2667 poffnm
1353 2598 1426 2647 non

227 2666 505 2762 reprehendere,
532 2665 628 2761 quod
654 2668 741 2740 adeo
767 2665 809 2740 srs
832 2670 952 2741 anxius
970 2690 1014 2740 ne
1034 2692 1113 2741 meo
1141 2672 1257 2741 animo
1287 2672 1425 2743 excide·

226 2766 299 2852 ris,
323 2784 413 2835 neve
439 2766 560 2857 (quod
582 2764 619 2834 in
639 2764 791 2836 amicitiai
818 2765 935 2840 durius
958 2760 1008 2837 est
1027 2764 1196 2860 verbum)
1222 2785 1259 2839 te
1286 2789 1353 2859 ego
1378 2789 1423 2840 ex

203 2860 417 2931 ‘amicornm
441 2880 598 2933 meorum
619 2858 700 2932 albo
723 2862 911 2954 rejecerim.
963 2860 1015 2931 Ut
1034 2883 1211 2954 nonquam
1231 2867 1318 2935 vero
1340 2884 1423 2956 erga

226 2958 357 3027 amicos
381 2954 537 3029 morosos
559 2954 635 3037 fui,
664 2958 711 3027 ita
738 2956 866 3046 iidem,
904 2958 1111 3042 candorem,
1135 2960 1172 3030 &
1196 2954 1424 3029 constantiam

226 3072 300 3123 non
320 3048 393 3122 snm
419 3048 535 3145 paffus
563 3074 761 3148 quenquam
787 3056 823 3123 in
851 3077 907 3126 me
928 3055 1131 3147 requirere3
1160 3053 1310 3147 cirmque
1334 3056 1422 3125 mihi

227 3149 484 3241 cumpluribus
506 3146 719 3222 familiaritas
745 3148 986 3233 intermiserit,
1013 3150 1134 3221 eadem
1158 3172 1238 3221 cum
1260 3149 1420 3219 omnibus

223 3242 393 3316 inviolata
416 3245 451 3315 in
475 3245 568 3318 hunc
597 3240 705 3338 usque
738 3244 829 3315 diem
851 3248 1025 3338 perdurae
1077 3242 1317 3335 Quamobrem
1339 3266 1422 3332 non

221 3334 302 3410 satis
329 3361 387 3413 me
412 3336 572 3429 novisti,
606 3336 631 3411 si
656 3362 728 3413 rem
754 3342 916 3415 omnium·
934 3341 1081 3415 maxime
1104 3335 1291 3431 pretiosam
1314 3358 1421 3430 atque
1522 3345 1528 3354 '

220 3434 312 3506 adeo
338 3432 631 3518 inaestimabilem,
655 3436 724 3507 hoc
754 3436 803 3507 est
830 3434 1034 3520 amicitiam,
1059 3436 1148 3504 inter
1165 3455 1229 3504 nos
1255 3455 1325 3503 non
1347 3436 1420 3505 levi

106 3606 107 3609 Ἴ
222 3526 288 3598 usu
314 3526 372 3599 sed
389 3526 523 3604 srncero
542 3529 670 3604 affeetu
692 3528 892 3613 fundatam,
919 3532 1007 3603 aded
1033 3550 1088 3599 me
1113 3528 1244 3601 temere
1268 3529 1418 3622 abjicere

106 3700 107 3703 ,
223 3619 410 3696 existimes.
460 3626 610 3701 Litteras
635 3628 698 3699 aba
724 3646 759 3700 te
777 3620 1100 3719 aliquasaccepiffe
1121 3646 1226 3719 atque
1244 3627 1347 3697 etiam
1367 3626 1418 3697 vi·

222 3717 329 3793 ciffim
351 3721 395 3792 ad
420 3739 454 3793 te
482 3720 609 3793 dediffe
637 3724 780 3793 memini
811 3722 891 3795 ciam
913 3724 1027 3795 adhuc
1052 3722 1090 3791 in
1113 3721 1233 3793 Gallia
1255 3742 1416 3815 agerem,

106 3846 108 3861 a
222 3832 327 3912 atque
346 3817 382 3888 in
404 3818 476 3890 hoc
495 3838 621 3911 genere
641 3818 865 3911 obligationis
883 3820 977 3891 haud
995 3818 1089 3891 soleo
1112 3820 1238 3889 malum
1253 3812 1416 3911 prestare

106 3920 107 3925 ’
221 3934 371 3997 nomen,
398 3912 442 3984 de
453 3910 606 4007 pecunia
624 3912 755 3985 crediti
766 3938 809 3983 ne
822 3918 976 4009 cogitavi
998 3914 1141 4010 quidem
1158 3934 1333 4003 unquam,
1356 3935 1414 3991 ne:

222 4030 288 4117 pue
310 4010 347 4081 in
374 4010 499 4083 crediti
514 4032 640 4111 genere
656 4008 859 4102 ponendum
877 4030 989 4104 puto,
1013 4008 1110 4104 qood
1135 4010 1248 4081 amico
1278 4006 1416 4103 impem

1304 4106 1418 4190 ditur,

106 4298 107 4309 ,
261 4228 336 4331 (η’
351 4235 494 4337 Stephano
514 4232 703 4391 Montano}
718 4236 829 4333 Quis,
860 4231 985 4320 qualis,
1007 4238 1100 4323 cujas
1119 4234 1246 4332 fuerit,
1264 4252 1335 4301 non
1359 4256 1413 4303 re·

131 4357 133 4364 ·
216 4334 306 4401 perr.
344 4320 423 4393 Fuit
446 4323 545 4408 Vigiio
566 4340 647 4390 curn
694 4322 873 4407 rturrgrbus
891 4322 1052 4405 degeret,
1070 4322 1257 4421 familiaris.
1277 4319 1359 4386 Tam.
1381 4336 1416 4385 a.

106 4480 107 4489 ἦ
214 4418 249 4489 a·
271 4404 349 4523 aar·
