3967 5167
379 516 569 613 eursu.
600 448 1003 609 auunculum
1033 514 1366 625 utvunsos.
1458 546 1482 637 ς

167 760 171 765 -
269 740 458 814 uunquam
474 712 755 813 promerentibus
768 713 912 809 gratiam
930 712 1142 789 referentesz
1163 713 1222 788 sed
1243 719 1473 812 quorumdam

267 819 341 890 ¹hit:
358 817 466 910 cupio
486 812 691 887 seutentiam
714 810 883 883 refellere.
935 806 1014 898 Qui
1036 836 1125 905 quos
1153 834 1274 885 natura
1294 816 1330 884 in
1347 813 1473 893 nativi·

258 906 349 988 'atate
370 914 435 983 hos
453 908 517 1005 ipfi
544 911 583 983 in
605 910 725 985 amore
750 928 892 1001 quoque
920 909 1130 999 posteriores
1155 910 1285 1003 ubique
1312 926 1468 1003 ponunt:

269 1031 316 1082 ut
345 1031 409 1081 nos
447 1028 561 1101 prope
587 1007 723 1103 pudore
753 1000 925 1089 afficiant,
951 1005 1102 1096 quinon
1122 1004 1302 1079 beneficiis
1324 1025 1471 1079 tantum·

273 1107 405 1186 'mutim
428 1098 488 1175 sed
512 1102 549 1175 &
578 1102 729 1175 amicitia
749 1099 793 1171 ab
812 1096 999 1191 majoribus
1017 1102 1199 1173 vincimur.
1251 1098 1415 1174 Patruum
1434 1125 1469 1175 e·

268 1203 352 1273 uim
373 1221 410 1273 te
426 1200 659 1273 mihinarura
675 1195 944 1289 haudquaquam
968 1196 1029 1269 hic
1057 1218 1211 1272 noverca
1234 1198 1349 1271 dedit:
1371 1197 1469 1281 idue·

277 1300 348 1369 nim
365 1318 431 1389 ego
452 1294 611 1388 inprimis
628 1290 778 1365 feliciter
792 1292 877 1364 milri
901 1290 1080 1385 contigisse
1105 1313 1206 1385 puto·-
1255 1291 1354 1379 Huic
1380 1294 1468 1375 litte,

274 1417 353 1481 ras,
375 1392 458 1464 huic
473 1392 655 1461 multarum
675 1412 788 1463 rerum
809 1388 989 1479 peritiam,
1013 1390 1197 1481 regionum
1210 1391 1467 1480 cognitionem,

265 1510 483 1584 magnorum
511 1486 679 1575 uirorum·
697 1483 873 1557 amicitias.
890 1534 913 1569 ,.
932 1506 989 1557 me
1012 1484 1127 1578 ipsum
1161 1484 1314 1577 denique
1339 1485 1466 1562 debeo.

272 1582 398 1658 Vincis
418 1602 457 1654 tu
489 1601 605 1653 tanuen
633 1602 817 1663 naturam,
850 1580 944 1672 quod
980 1603 1036 1651 me
1062 1602 1143 1652 ram
1157 1582 1260 1654 enixe
1284 1579 1465 1677 amplee'le·

272 1681 332 1753 ris.
383 1676 601 1751 Accusantur
625 1697 786 1770 parentes
802 1677 862 1766 qui
884 1696 953 1747 oon
974 1679 1102 1769 aequali
1126 1700 1243 1751 amore
1267 1676 1466 1761 liberoslo·

270 1796 372 1849 vent:
399 1775 475 1869 quis
501 1792 692 1866 unquam-a
714 1792 749 1843 te
775 1769 913 1865 quael'o,
936 1766 1196 1849 Prudentisslme
1222 1771 1368 1861 Patrue,
1393 1795 1464 1858 ma·

267 1871 347 1967 jora
368 1894 452 1965 erga
475 1888 642 1963 cognatos
670 1866 782 1948 officia
799 1864 1033 1941 defideravit?
1060 1866 1200 1944 Omnes
1221 1869 1257 1942 se
1282 1870 1347 1941 tibi
1376 1872 1462 1942 mul·

272 1988 348 2041 tum
366 1964 679 2041 deberefarentur:
704 1985 849 2039 tantum
869 1963 991 2047 abest,
1010 1965 1153 2060 utquid
1171 1966 1207 2037 itt
1229 1987 1288 2037 tua
1307 1966 1464 2039 humani·

269 2080 341 2135 tate
357 2064 562 2157 requiratur.
587 2059 679 2155 Quis
698 2061 786 2133 verti
807 2082 877 2131 non
899 2062 1041 2132 miratur
1056 2063 1184 2144 etiam,
1203 2060 1299 2155 quod
1318 2064 1464 2155 Viglr'unr

206 2152 212 2167 '
270 2161 452 2253 aequalirer
474 2156 540 2231 tibi
556 2180 636 2231 cum
656 2158 730 2231 aliis
748 2156 971 2249 conjunctum
988 2156 1118 2251 (quod
1136 2158 1182 2231 ad
1196 2159 1389 2253 agnationis
1406 2182 1463 2243 or7

272 2254 390 2327 dinem
405 2250 538 2348 speetu
558 2272 651 2328 certe
670 2254 842 2348 primum,
868 2250 927 2323 sed
942 2253 977 2323 id
994 2253 1103 2339 lucio,
1129 2276 1201 2326 non
1231 2277 1366 2327 naturae
1384 2254 1464 2342 est)

273 2353 351 2445 quis
368 2346 454 2431 uerti
472 2370 546 2421 noo
561 2353 726 2434 miratur,
752 2348 848 2442 quod
878 2349 1015 2445 ngiurn
1031 2368 1165 2425 tantum
1189 2373 1300 2432 amas,
1325 2368 1461 2421 tantum

270 2466 397 2535 curas,
420 2466 461 2519 ut
483 2446 587 2519 etiam
609 2462 769 2539 parentes
797 2464 892 2523 tneor
924 2445 1050 2517 merird
1068 2446 1202 2539 pudere
1227 2447 1376 2529 debeat,
1400 2447 1463 2539 qui

268 2541 309 2614 in
333 2542 460 2613 amoris
485 2564 569 2633 erga
602 2562 659 2611 rne
690 2540 876 2611 certamino
905 2562 924 2609 a
958 2542 1215 2613 revincuntur.
1265 2538 1349 2615 Hoc
1379 2563 1461 2613 cunr

267 2637 415 2730 eogit0,
446 2660 518 2729 quo
546 2656 601 2707 me
636 2635 830 2707 chariorem
863 2634 999 2721 habes,
1033 2656 1143 2707 eote
1177 2636 1319 2709 vicifftm
1355 2639 1461 2709 velie·

266 2734 415 2806 mentius
438 2734 554 2803 ardeo.
604 2728 791 2823 Perpendo
810 2731 899 2803 enim
917 2752 1086 2824 quantum
1101 2732 1159 2809 vel
1176 2755 1218 2804 ea
1243 2734 1377 2804 ratione
1395 2732 1460 2805 Pa·
1539 2781 1543 2790 ·

268 2849 386 2901 truum
408 2826 587 2901 redamare
613 2825 778 2923 debeam,
802 2825 900 2921 quod
924 2850 977 2899 me
1001 2826 1191 2923 delegerit,
1217 2849 1319 2922 quem
1335 2830 1459 2922 dilige·

253 2946 343 3009 met,
369 2920 449 2997 etim
468 2925 566 2995 nullo
595 2943 727 2995 naturae
744 2919 937 3017 privilegio.
949 2926 1085 2997 caeteris
1112 2922 1303 3019 praeferrer.
1355 2925 1456 3018 Quid

265 3038 419 3106 taceam,
445 3020 541 3115 quod
566 3040 619 3091 me
644 3019 764 3091 rudem
793 3042 863 3092 non
880 3017 987 3093 modo
1007 3018 1285 3114 praeceptoribus
1312 3022 1456 3115 optimis

264 3117 490 3191 erudiendum
509 3113 708 3197 tradiderit,
733 3111 793 3185 sed
818 3117 931 3188 multo
946 3117 1053 3188 etiam
1070 3116 1211 3189 Parrum
1226 3114 1379 3211 ipsorum
1396 3139 1456 3189 cu·

265 3236 337 3287 ram
364 3214 534 3298 vincens,
570 3208 772 3283 exailiffima
794 3208 1012 3284 institutione
1039 3210 1207 3285 formarit.
1258 3209 1350 3285 Haec
1375 3210 1455 3285 crim

264 3311 423 3383 examino
449 3304 632 3383 beneficia:
659 3308 816 3399 patiarne
840 3331 894 3379 me
923 3307 1110 3379 abeodem
1139 3310 1176 3377 in
1193 3328 1311 3381 amore
1327 3310 1450 3381 vinci?

265 3406 321 3479 An
338 3406 424 3475 mihi
436 3401 537 3477 idisti
553 3399 831 3496 persuadebunt,
857 3422 896 3473 ut
910 3424 977 3495 ego
987 3406 1101 3476 minua
1109 3404 1275 3475 lotruum
1290 3426 1403 3478 meum
1420 3426 1455 3475 a.-

265 3523 374 3581 mem,
400 3524 502 3593 quam
524 3502 581 3571 ille
605 3500 688 3571 me?
716 3496 831 3569 Deum
857 3500 1087 3573 immortalem
1105 3519 1235 3595 quanm
1259 3500 1345 3571 mihi
1366 3522 1453 3585 cura

263 3594 351 3681 fuit,
376 3618 452 3687 quae
474 3596 689 3689 diligentia,
723 3616 803 3688 quae
833 3593 1062 3677 sollicitudo,
1086 3619 1125 3668 ut
1148 3597 1313 3692 gaudium
1340 3618 1454 3669 meunt
1563 3608 1567 3627 ¹

262 3690 328 3767 tibi
344 3690 541 3763 indicarem.
593 3688 671 3783 lpl‘o
688 3689 797 3761 statim
816 3691 873 3764 die
889 3712 961 3784 quo
983 3712 1059 3765 tuae
1079 3694 1211 3765 litteras
1227 3712 1453 3785 acceperam,

261 3785 522 3865 rescribebam,
566 3785 830 3879 gratulabarque
868 3786 1033 3860 Patruum
1049 3839 1066 3872 ,.
1111 3790 1235 3861 animae
1270 3787 1454 3858 dimidium

262 3906 369 3966 meae,
393 3904 437 3955 err
464 3876 581 3951 hostili
598 3878 719 3951 lurore
743 3898 902 3973 ereptum
928 3880 1006 3955 else.
1041 3883 1169 3957 Scribo
1194 3885 1345 3965 iterum,
1358 3906 1402 3955 ne
1426 3878 1454 3955 li

262 3978 610 4077 nuperrimaelitterae
621 3974 882 4063 interciderint,
907 3978 1037 4051 diutius
1054 4001 1205 4073 uterque
1215 3978 1369 4051 nostrum
1378 4002 1454 4051 rnu-

260 4098 323 4151 euo
339 4094 438 4149 motu
459 4071 645 4147 crucietur.
695 4070 883 4145 Pecuniam
898 4094 1013 4155 autem
1029 4097 1141 4170 nuper
1155 4098 1177 4148 a·
1198 4092 1236 4149 te
1246 4070 1375 4149 millam
1392 4073 1454 4148 ad·

259 4175 329 4247 nuc
343 4166 502 4265 expedio»
528 4168 713 4243 Mercator
726 4186 843 4241 autem
862 4170 922 4264 qui
944 4193 1020 4245 eam
1038 4170 1176 4260 adferre
1196 4170 1343 4259 debuit,
1367 4193 1454 4258 non,-
1562 4184 1568 4193 ‘

261 4268 344 4343 dum
357 4267 509 4341 advenit.
535 4345 542 4351 ,
558 4264 698 4339 Faciam
715 4284 750 4339 te
769 4264 881 4339 statim
896 4270 1102 4356 certiorem,
1126 4268 1188 4341 ubi
1211 4270 1357 4342 audiero
1379 4290 1453 4363 quo

260 4364 342 4439 loeo
362 4356 425 4455 fir,
447 4360 485 4437 dt
508 4382 646 4437 aucam
674 4360 973 4554 accepturusAfigr.
1023 4362 1120 4442 Illud
1149 4366 1254 4443 etiam
1278 4362 1453 4538 &prebiz-

1442 4509 1457 4551 2
