3967 5167
341 484 536 620 uersu
567 508 874 623 suuucrlu
895 496 968 610 'm
997 508 1334 616 nlvunsos.
1391 536 1445 605 ιι

251 713 386 811 quoties
405 709 440 783 δι
456 730 559 805 quam
573 710 722 877 benlffne
737 708 795 784 ille
810 706 854 781 nd
866 728 925 783 me
934 705 1157 782 consueverit
1169 704 1336 791 scribere,
1349 726 1451 781 nunc·

249 832 333 883 vero
353 802 524 881 desertum
541 828 596 879 me
627 831 644 879 e
673 804 871 879 comninm
900 802 1164 877 necessariorum
1185 824 1341 877 meorum
1371 801 1451 897 effi<

247 906 327 987 cio,
352 926 419 975 nec
443 922 654 997 quemquam
683 904 817 973 literam
839 900 883 972 ad
910 920 966 971 me
992 902 1153 981 mittete,
1185 900 1340 995 graviter
1364 894 1449 976 sane

248 1022 363 1073 meum
381 998 490 1074 satum
507 995 595 1071 fero.
645 992 708 1069 Tu
731 994 758 1067 li
780 996 866 1093 quid
890 982 1050 1089 accipies
1074 996 1173 1089 quod
1196 1018 1252 1067 me
1273 987 1449 1091 consolari

244 1115 374 1265 poert,
399 1090 561 1167 accurate
583 1088 642 1166 sac
661 1094 786 1165 mittan.
810 1090 922 1165 sienim
939 1089 1114 1163 necessitas
1132 1086 1225 1161 malr}
1242 1113 1300 1161 me
1314 1088 1419 1164 habet
1429 1138 1449 1176 ,

260 1214 347 1287 pero
366 1209 489 1261 tamem
505 1186 675 1260 Antonium
700 1208 800 1262 tuum
817 1186 956 1278 utrique
971 1185 1058 1258 boni
1083 1185 1216 1279 aliquid
1239 1205 1443 1281 apportatu-

245 1310 333 1379 rum.
384 1284 497 1357 Miror
517 1304 631 1359 tamen
659 1282 741 1377 quid
767 1302 900 1372 tentum
917 1300 1015 1355 tuam
1029 1278 1285 1377 prosefflonem
1301 1284 1337 1353 in
1356 1277 1448 1353 Gan

245 1384 327 1457 liam
350 1402 515 1477 parentes
533 1402 772 1465 remorentur,
798 1395 856 1460 aut
879 1399 943 1449 eur
968 1400 1040 1451 non
1070 1375 1144 1473 ipse
1162 1374 1222 1449 dili
1249 1378 1362 1449 entius
1381 1400 1447 1451 coe

244 1501 287 1551 ur
314 1500 381 1549 eas.
432 1472 543 1547 Vides
563 1498 684 1549 omues
709 1498 752 1547 ex
767 1474 827 1547 illo
847 1468 987 1546 Dolano
1009 1471 1093 1545 nido
1105 1400 1306 1567 provosare.
1357 1470 1446 1546 For·

244 1502 333 1649 tabe
353 1594 388 1645 te
407 1574 500 1645 nunc
517 1566 712 1643 Valentlnae
732 1570 802 1645 ‘ulae
817 1567 960 1641 Sirenes
984 1568 1152 1643 detinent.
1198 1564 1338 1643 Excute
1365 1566 1450 1655 illosv

247 1691 382 1741 amores
408 1666 507 1745 &ab
529 1666 590 1737 ille
614 1664 751 1737 Venere
772 1686 807 1739 tc
825 1662 937 1741 anser.
982 1662 1081 1739 Ecce
1106 1686 1142 1737 te
1175 1660 1289 1741 Pallae
1313 1685 1420 1739 vocat
1432 1713 1450 1749 ,

243 1762 381 1837 Pileum
395 1763 537 1836 rubrum
558 1760 594 1835 δι
614 1783 777 1834 coronam
793 1753 964 1843 ostentat,
986 1758 1030 1833 ad
1047 1756 1115 1833 sese
1146 1776 1182 1833 te
1202 1758 1348 1847 invitat,
1373 1761 1449 1833 noli

244 1859 408 1956 spernere
424 1880 495 1933 tarn
509 1852 667 1929 Saniiam
684 1856 819 1941 Deam,
843 1855 944 1949 hujus
961 1854 1113 1929 ausculta
1129 1879 1245 1930 vocer.
1269 1900 1293 1933 η
1319 1852 1448 1953 Aspice

246 1998 271 2033 η
298 1974 430 2051 quanto
449 1954 613 2049 majorem
640 1950 930 2046 sincerioremque
956 1954 1173 2046 voluptatem
1202 1950 1244 2024 sir
1272 1950 1453 2049 susceptu-v

126 2074 131 2087 ι
248 2092 272 2130 „
299 2046 413 2139 rus‚sr
433 2073 484 2121 me
498 2050 542 2119 ln·
554 2042 688 2121 deliciis
700 2049 826 2121 habere
845 2046 998 2120 animum
1007 2040 1163 2119 inducar.
1190 2044 1285 2128 Ecce
1296 2070 1361 2143 ego
1380 2047 1447 2122 tibi

248 2188 272 2227 η
300 2168 366 2241 pro
378 2146 494 2311 parvis
504 2143 681 2219 laboribus
695 2141 870 2247 scientiam
885 2143 976 2237 dabo
993 2160 1114 2237 quaete
1125 2140 1256 2237 ubique
1272 2166 1452 2218 commen·
1503 2228 1510 2239 ,

249 2284 273 2321 n
297 2242 380 2317 dabi
395 2263 449 2313 em
464 2236 597 2317 reddet.
623 2238 722 2315 Sella.
733 2237 982 2333 illediguita'ris
998 2234 1174 2334 Hagenfis
1185 2238 1202 2333 (
1213 2247 1256 2331 ι.)
1269 2237 1408 2335 semper,
1425 2264 1455 2315 a
1550 2290 1563 2309 .

249 2381 273 2417 η
299 2334 494 2409 doiiissrmis
505 2334 834 2431 prudentissimisque
851 2337 935 2409 viris
960 2334 1033 2433 suit
1048 2357 1240 2431 occupata,
1262 2339 1298 2407 in
1324 2361 1364 2410 ea
1380 2360 1454 2430 ego

250 2476 274 2512 ‚r
298 2434 512 2507 avunculum
522 2430 649 2525 t'uum(
660 2430 797 2539 3)plim
808 2453 861 2505 tot
871 2427 978 2504 atinus
997 2426 1124 2503 florere
1144 2434 1258 2515 volui,
1280 2432 1448 2525 bernejam

180 2588 184 2598 ,
251 2571 275 2607 η
301 2548 440 2623 apueto
455 2526 521 2596 tibi
535 2526 695 2619 promisr3
711 2525 769 2596 sed
780 2526 861 2619 uide
878 2548 916 2599 ut
932 2525 1180 2599 antecessorum
1192 2528 1379 2599 virtutibus
1395 2551 1455 2601 re*

240 2660 276 2702 ·„
301 2620 482 2717 spondeas.
509 2620 597 2693 Hoc
612 2620 675 2692 ribi
698 2618 833 2691 initium
851 2622 1024 2693 honorum
1041 2616 1108 2693 else
1131 2624 1251 2704 volui,
1274 2623 1344 2693 hoc
1358 2644 1448 2717 prae-

251 2762 275 2797 „
301 2722 372 2791 mio
401 2718 533 2789 illicere
555 2738 590 2790 te
614 2714 800 2809 proposui,
825 2741 864 2791 ut
889 2716 1119 2810 cognoscerer
1140 2738 1272 2809 quanto
1288 2718 1358 2790 tibi·
1374 2740 1448 2789 ma·

228 2845 274 2895 ⁴„
297 2816 376 2910 jora
390 2810 450 2885 firn
469 2812 681 2905 praebitura,
705 2808 729 2881 fi
757 2835 801 2885 tu
816 2814 1119 2887 adhortationibus
1140 2817 1225 2887 meir
1243 2813 1457 2899 obsecutus,

135 2988 149 3017 ο
250 2954 274 2991 rr
300 2910 460 3005 vigilanti
472 2909 648 2980 literarum
669 2904 784 2979 studio
808 2910 852 2981 ad
869 2908 1058 3001 disciplinec
1088 2909 1193 3005 adyta
1208 2928 1243 2979 te
1270 2908 1457 2992 conseras,
1552 2977 1556 2987 ,

251 3049 275 3085 n
301 3006 337 3079 δι
368 3029 412 3077 cx
445 3025 522 3081 mea
553 3027 610 3076 ara
634 3002 803 3077 doetrinae
824 3004 948 3077 sertum
973 3003 1143 3099 suscipere
1162 3006 1320 3078 enitaris„
1363 3000 1458 3077 Hoc

251 3146 275 3181 ,,
299 3102 452 3197 optimos
468 3121 549 3171 tuos
564 3120 727 3193 parentes
747 3100 858 3187 vesse,
882 3100 952 3175 hoc
972 3122 1025 3173 tot
1041 3102 1192 3183 amicos,
1217 3103 1277 3191 qni
1288 3122 1358 3175 tam
1369 3098 1452 3195 syn·

251 3240 280 3276 η
301 3194 383 3273 bere
410 3192 473 3267 tibi
500 3192 643 3277 favent,
668 3196 870 3286 experiare,
894 3190 982 3287 siepe
1006 3198 1172 3268 intellexi.
1222 3195 1328 3268 Nunc
1348 3200 1456 3269 etiam·

251 3338 276 3373 n
302 3295 339 3367 &
364 3293 447 3365 meis
474 3290 614 3364 monitis
641 3290 764 3381 aliquis
789 3286 905 3383 quaeso
931 3293 1026 3383 apud
1054 3311 1089 3361 te
1113 3288 1155 3361 fit
1178 3292 1292 3365 locus.
1341 3288 1459 3363 Video

252 3432 277 3469 η
303 3390 467 3482 aequnlem
500 3404 597 3458 tuum
624 3386 862 3477 christophorum
896 3408 1029 3478 quanto
1061 3388 1208 3479 praemio
1239 3388 1455 3459 honoratim

255 3526 279 3563 n
306 3484 398 3555 Cum
413 3484 481 3555 ltoe
501 3504 542 3553 tu
557 3482 635 3575 pari
649 3476 781 3572 semper
798 3477 892 3574 passu
922 3484 1097 3555 ambulare
1115 3481 1274 3575 copisti,
1286 3506 1330 3555 an
1340 3484 1459 3577 patre«

255 3622 281 3657 η
307 3581 353 3649 ris
374 3578 468 3671 quod
482 3579 538 3649 ille
553 3577 618 3649 tibi
633 3575 793 3649 bravium
814 3578 1023 3671 praeripiat?
1048 3574 1132 3649 Duo
1152 3576 1331 3671 supersunt
1349 3580 1453 3663 anni,

254 3718 283 3755 ‚,
306 3672 433 3767 quibus
449 3668 470 3741 sr
484 3694 617 3743 mecum
635 3672 671 3741 in
686 3672 795 3744 literis
813 3673 999 3765 diligenter
1016 3670 1234 3765 perseveres,
1249 3680 1319 3770 jam
1333 3694 1369 3745 te
1384 3696 1453 3767 ego

254 3814 279 3853 η
306 3771 376 3845 tuin
397 3768 550 3863 paternis
575 3764 724 3839 Laribus
742 3788 821 3841 cum
839 3766 968 3841 summa
979 3771 1095 3864 gloria
1107 3768 1261 3842 reddam.
1270 3828 1299 3860 ις,
1307 3765 1459 3936 Sedfidee

1326 3914 1330 3920 .
1403 3888 1459 3939 no·

301 4018 365 4109 (2)
388 4018 468 4117 §ello
484 4017 540 4115 illo
565 4018 722 4101 dignitatis
745 4014 915 4113 Hugrrrfir]
936 4018 1063 4114 id.⁰.st³
1082 3988 1462 4111 DecanatusCapituli

257 4104 298 4175 Β.
318 4104 365 4170 Μ.
385 4120 420 4169 ιιι
461 4102 566 4168 alatro
591 4100 948 4187 flagae-Contrane,
980 4120 1017 4168 ιιι
1039 4118 1105 4186 qur
1126 4100 1281 4171 succesit
1299 4100 1464 4171 Berrrardo

257 4186 388 4257 Boron
407 4123 579 4269 rhytio,
600 4186 707 4270 Viglii
741 4200 852 4251 atrum

300 4269 362 4371 (β)
382 4269 579 4373 Auunrulum
589 4269 697 4353 rtrum]
710 4204 878 4364 facobum
897 4264 1053 4351 noyon,
1073 4266 1189 4335 Meter
1205 4286 1354 4368 namque
1378 4268 1468 4339 Cor-

258 4354 309 4421 nel
348 4352 582 4441 mana-mysrl
592 4397 604 4435 ,
623 4354 775 4430 Domina
792 4350 837 4423 de
855 4351 993 4533 ega}
1031 4348 1278 4426 Varnenum
1296 4367 1354 4425 nr..
