3967 5167
131 152 208 287 i..

128 358 135 487 l

326 540 515 639 EPIST.
547 536 848 637 SELECTAE
874 562 941 637 AD
968 539 1298 643 DlVERsos.
1334 572 1412 656 177

206 737 287 813 Sed
304 758 375 832 pro
389 739 591 823 lucrationis
607 737 728 833 accipe
750 758 822 814 non
843 738 1047 823 diffimilem,
1072 733 1253 818 barbaram
1273 739 1409 822 nmen,
1440 770 1444 775 ⁸

201 834 382 908 fabulam:
405 830 518 907 solent
536 836 624 907 certi
647 836 728 907 anui
742 856 901 930 tempore
917 854 937 907 e
954 832 1078 929 longin
1102 852 1150 907 uo
1174 834 1410 927 negotiatores

199 928 384 1006 mercium·
393 930 702 1025 permutandarnm
717 926 817 1005 cansa
832 932 878 1005 ad
893 927 1061 1025 nomque
1203 928 1302 1001 benis
1316 928 1411 1021 ripas

197 1025 423 1115 eonvenite,
455 1026 492 1100 &
518 1026 684 1122 coloqui.
711 1060 716 1073 ·
733 1024 877 1101 Accidit
896 1026 1044 1123 hyeme,
1069 1041 1110 1099 ut
1128 1045 1336 1119 quamquam
1351 1046 1411 1119 ge·

197 1121 238 1193 lu
254 1120 426 1193 duratum
440 1117 572 1195 flumen
587 1118 753 1197 access'um
771 1123 1010 1219 permitteret,
1024 1116 1088 1216 lpfi
1103 1140 1236 1207 tamen,
1263 1120 1322 1191 vel
1331 1119 1412 1213 quia

120 1280 121 1313 ἶ
193 1217 252 1289 ita
276 1214 555 1305 consueverant,
579 1219 638 1293 vel
654 1220 737 1313 quia
752 1240 824 1291 non
843 1216 924 1293 satis
942 1214 1097 1291 fidebant
1103 1264 1116 1302 ,
1141 1215 1179 1289 iu
1192 1214 1413 1287 inimicorum

120 1348 122 1353 ·
200 1332 411 1405 regnorum
421 1313 586 1387 limitibus
608 1316 754 1409 propius
775 1334 847 1389 non
870 1314 1178 1410 congrederentur.
1230 1308 1325 1383 Cum
1345 1305 1414 1381 dis·

201 1406 305 1479 ficile
319 1408 409 1480 verti
420 1409 503 1479 hinc
518 1409 598 1480 inde
609 1410 873 1491 exaudirentur,
887 1429 1035 1504 propter
1052 1406 1207 1481 fluminis
1216 1404 1291 1477 late
1305 1426 1413 1478 erun·

201 1502 330 1575 dantis
344 1500 510 1597 spatium,
529 1505 668 1596 quidam
684 1504 838 1578 barbaris
861 1504 1030 1577 indicavit
1052 1500 1187 1577 causam
1204 1498 1290 1582 esse,
1312 1502 1412 1595 quod

201 1598 245 1667 in
267 1612 372 1669 tanto
389 1595 520 1693 frigore
534 1620 644 1671 voces
668 1598 867 1695 priusquam
887 1599 931 1673 ad
950 1602 1094 1673 aiteram
1118 1597 1230 1691 ripam
1251 1597 1412 1691 perveni·

203 1712 316 1775 rent,
343 1688 634 1785 congelascerent.
684 1690 807 1789 Itaque
829 1697 944 1789 ignem
964 1696 1000 1767 in
1019 1694 1131 1767 media
1157 1692 1266 1786 glacie
1284 1687 1412 1764 frustra

203 1786 432 1881 ridiculeque
453 1806 638 1861 tentarunt.
689 1786 723 1861 E
749 1812 771 1860 0
790 1793 875 1865 verti
897 1813 963 1884 per
986 1806 1197 1861 mercatores
1219 1788 1295 1859 illas
1317 1810 1412 1861 meas

203 1882 335 1955 literas
351 1904 533 1969 curatam,
557 1886 618 1977 qui
641 1881 699 1955 hic
717 1811 833 1958 sgcocre
851 1884 946 1979 quod
970 1880 1045 1957 fere
1061 1880 1190 1968 solent,
1215 1899 1256 1957 ut
1271 1878 1330 1955 sua
1351 1906 1412 1957 cu·

206 1998 333 2051 rantes
357 1978 529 2071 negotia,
563 1980 675 2051 aliena
697 1981 887 2077 negligant.
936 1978 1126 2052 Mulnrsum
1154 2000 1225 2054 nun
1253 1977 1412 2053 dubitavi

204 2072 259 2147 ud
278 2090 358 2149 mea
372 2073 555 2147 commoda
570 2070 888 2167 promovendaesse
906 2072 1220 2169 propensissimum,
1245 2072 1352 2169 idque
1368 2094 1413 2168 ex
1463 2135 1466 2144 .

208 2169 387 2261 proximis
404 2168 475 2260 ejus
490 2168 597 2241 literis
617 2169 758 2243 abunde
774 2172 941 2245 intellexi.
992 2166 1205 2263 Quanquam
1219 2189 1336 2241 autem
1354 2166 1413 2241 hic

212 2258 360 2337 difficile
389 2286 443 2335 me
471 2265 640 2337 extricare
667 2268 830 2354 valeam,
861 2264 1016 2337 'attamen
1040 2265 1128 2335 nihil
1151 2288 1225 2337 non
1250 2261 1413 2348 tentabo,

212 2378 293 2451 quo
313 2358 414 2431 vobis
435 2358 581 2451 propius
607 2360 810 2457 conjungar.
862 2360 973 2454 Quod
999 2356 1195 2450 lbeupbiluot
1219 2381 1240 2429 a
1260 2380 1316 2429 me
1342 2358 1414 2430 edi·

166 2512 169 2519 .
212 2472 294 2525 tum
307 2455 375 2527 tuis
390 2453 567 2528 laboribus
592 2454 735 2547 dignum
758 2456 898 2529 duxeris
924 2452 999 2548 (1)
1030 2452 1115 2525 mihi
1136 2445 1248 2525 multo
1273 2451 1415 2549 gratili-

214 2568 317 2619 mum
335 2547 394 2620 est.
443 2546 575 2620 Necte
598 2548 633 2618 id
651 2546 769 2641 quaeso
787 2550 830 2621 ab
848 2550 991 2643 inceptu
1008 2567 1120 2643 opere
1137 2564 1291 2631 avertat,
1316 2549 1414 2643 quu'd

215 2641 358 2713 Gallus¹
372 2640 537 2735 quispiam
564 2639 636 2732 (a)
661 2644 805 2715 eandem
821 2642 884 2715 srbi
903 2664 1046 2737 operam
1061 2641 1247 2739 bmpserit.
1269 2640 1413 2718 Etenim

217 2756 281 2807 tua
301 2734 414 2808 versio
435 2758 506 2807 non
527 2735 636 2807 modo
658 2740 779 2809 melior
795 2740 880 2825 erit,
904 2738 1083 2811 sedetiam
1108 2739 1218 2832 magis
1242 2736 1412 2831 mosa,

217 2832 339 2904 inultis
364 2832 411 2903 de
431 2828 559 2919 caufis,
583 2852 668 2925 quas
686 2835 743 2906 hic
759 2832 824 2906 tibi
842 2836 877 2906 in
898 2858 938 2907 os
960 2831 1094 2906 referre
1102 2831 1319 2929 supersedeo.
1367 2832 1414 2907 11·

217 2927 284 2999 lud
308 2948 423 2998 tamen
442 2946 477 2999 te
492 2930 597 2999 latere
612 2929 739 3017 nolim,
763 2951 818 3001 me
840 2950 992 3025 graecum
1012 2933 1207 3024 exemplum
1230 2929 1342 3003 rursus
1360 2952 1414 3003 re·

219 3018 356 3116 legisse,
382 3017 587 3108 contulisse,
623 3022 902 3118 emendareque,
934 3044 1040 3119 atque
1060 3024 1098 3097 id
1125 3048 1160 3098 te
1184 3026 1220 3096 io
1248 3045 1309 3098 tua
1334 3048 1412 3101 ver·
1506 3047 1509 3051 ⁴

217 3114 315 3190 stone
333 3114 369 3205 se
396 3120 432 3190 ui
459 3118 594 3202 malim,
632 3140 733 3212 quam
762 3120 858 3214 quod
884 3119 1016 3191 editum
1045 3118 1104 3192 est.
1137 3116 1413 3195 Communicabo

221 3234 338 3290 autem
360 3214 384 3285 li
430 3234 506 3290 oter
527 3234 606 3287 cum
621 3215 766 3311 propius
784 3212 964 3294 accessere.
1012 3213 1056 3309 ld
1068 3216 1303 3290 tame‘nnulim
1320 3214 1413 3325 spae-

1298 3330 1411 3453 ,μ’

218 3596 224 3603 .
266 3510 421 3659 (11211111
436 3514 588 3583 laboribus
607 3516 727 3603 digium
755 3512 900 3601 dumis]
924 3512 1122 3610 Franciicus
1144 3512 1412 3610 Craneveldius›

219 3610 284 3677 qur
320 3610 378 3661 ort·
396 3598 806 3685 Noviomagusfielder,
828 3600 990 3684 equestris
1012 3597 1282 3681 dignitatium,
1303 3596 1341 3665 ἃ
1362 3596 1414 3663 se-

222 3690 329 3744 nator
348 3679 384 3744 in
402 3680 619 3751 Parlamento
644 3682 891 3751 Mechlioienst
909 3683 952 3749 ab
979 3698 1071 3747 anno
1095 3698 1187 3761 1522.
1208 3680 1335 3745 dicitur
1357 3680 1412 3762 (itt

222 3761 291 3827 bibl.
310 3759 385 3843 mig
409 3760 482 3829 Vol.
501 3762 651 3848 amaa)
671 3766 890 3850 sexagenario
907 3768 1016 3849 major
1035 3780 1165 3846 maetas
1192 3763 1306 3827 literas
1324 3762 1414 3829 didi-

219 3843 322 3923 cisse,
346 3856 442 3911 tanto
457 3861 536 3923 cum
556 3846 719 3927 successu,
739 3863 783 3931 ut¹
800 3850 903 3916 latina
920 3849 964 3915 de
981 3846 1103 3933 graecis
1116 3844 1258 3915 faceret.
1298 3842 1412 3945 Argu·

227 3938 382 3992 mentum
406 3926 509 3993 habes
536 3946 580 3993 ex
603 3928 667 3994 hac
687 3928 854 3997 versione.
895 3927 986 3997 Curn
1007 3927 1168 4002 Maiurdo,
1188 3926 1314 4015 dequo
1335 3926 1410 4006 hrc',

225 4006 291 4155 {1ng
320 4003 596 4159 Qmilsfflm
619 4012 803 4077 amicitiam
822 4014 950 4090 coluit,
969 4012 1104 4093 qualern
1123 4006 1238 4091 Oresles
1262 4028 1346 4077 cum
1356 4009 1428 4077 Pb.

235 4104 442 4165 a,1nutt
497 4097 596 4161 iius.
1082 4144 1138 4157 ..
1347 4155 1352 4164 ,

267 4172 334 4256 (a)
354 4110 475 4245 &aaut
489 4112 659 4261 nbispiam]
690 4172 837 4259 Jacobus
858 4173 1013 4255 curtina
1052 4173 1137 4242 Inde
1158 4188 1236 4241 nata
1258 4174 1305 4241 est
1324 4192 1410 4241 con·

208 4262 211 4269 ’
228 4256 373 4347 certatio
393 4257 543 4325 literaria
563 4276 645 4325 cum
667 4256 756 4324 Petro
776 4250 903 4325 Nunnio
921 4259 964 4331 de
984 4274 1050 4342 qua
1069 4256 1188 4345 ngius
1207 4257 1318 4326 doluit
1324 4258 1410 4339 „uti

225 4331 471 4407 uidebimusio
493 4340 633 4427 epistola
657 4340 842 4411 adsertam
862 4342 1109 4427 Bousanaman.
1131 4356 1229 4427 1537.

277 4436 362 4512 Tum.
384 4440 437 4513 ss.
735 4536 738 4544 Ι
832 4440 863 4518 Ζ
