3967 5167
308 476 499 573 anisa.
528 433 838 574 cataonia
866 499 932 570 n>
963 479 1283 579 otvousos
1349 509 1433 601 245

386 642 1418 745 EPISTOLAXCVIII.³1
1534 790 1541 795 .

332 796 768 893 ANDREAE
847 798 1322 895 ALCIATO.
1467 852 1470 855 ⁴

220 962 399 1081 Excusat
417 962 632 1073 silentium
660 959 717 1053 (θ’
751 964 853 1049 rude
886 962 1106 1079 epistolium
1129 964 1289 1075 fictam.x
1319 966 1434 1059 Hor·
1474 1006 1579 1083 1537.
1722 971 1726 977 ⁴

273 1100 390 1166 rotor
416 1096 462 1162 ut
483 1078 658 1193 reliquos
689 1076 978 1163 lucubrationes
1002 1078 1246 1192 succedat,
1276 1111 1326 1169 ae
1362 1115 1430 1172 eos

274 1194 348 1279 olii
373 1188 642 1307 sufficientur.
702 1188 873 1277 Libello
903 1192 1045 1277 olienis
1084 1190 1242 1281 Alcioti
1272 1206 1433 1288 nomint

249 1384 252 1396 .
278 1302 494 1422 publicatis
511 1306 701 1421 quomodo
724 1310 878 1393 occurri
892 1304 1016 1418 pttffit.

357 1600 497 1674 ceptor,
523 1600 660 1673 tempus
677 1576 781 1649 deest.
810 1576 1022 1673 Quanquam
1043 1581 1136 1653 enim
1156 1584 1308 1656 diuturni
1342 1590 1427 1659 tlen-

101 1728 102 1747 2
214 1675 255 1746 tii
282 1676 351 1749 mei
379 1677 514 1748 veniam
533 1673 715 1769 deprecati
739 1672 942 1759 statueram,
971 1700 1116 1771 eamque
1136 1679 1184 1752 ita
1208 1703 1261 1753 me
1289 1680 1447 1771 facilius!

101 1764 104 1837 i
215 1772 277 1845 abs
294 1790 330 1846 te
349 1775 615 1867 impetraturum
633 1770 844 1855 arbitrabar,
871 1767 1010 1867 siquod
1034 1773 1107 1865 jam
1133 1775 1264 1847 dodum
1292 1802 1345 1851 me
1371 1778 1423 1853 ia·

101 1876 102 1885 ²
214 1890 296 1941 cere
322 1870 461 1952 decu'u,
486 1892 580 1939 nunc
607 1870 744 1939 tandem
767 1867 904 1959 plenius
936 1870 1175 1963 prolixiusque
1200 1871 1421 1967 praestarem:

101 1984 103 2051 ξ
212 1964 343 2059 Rogerii
366 1989 481 2037 tamen
518 1962 690 2037 festinatio
720 1963 885 2037 accuratis
924 1989 964 2039 ea
1006 1988 1085 2059 qoae
1114 1970 1277 2040 volebam
1308 1971 1352 2044 ad
1385 1995 1421 2048 te

101 2062 103 2133 5
211 2058 391 2133 scribendi
410 2060 609 2134 facultatem
636 2062 835 2153 intercepit.
886 2058 967 2133 Nec
989 2085 1110 2153 parum
1131 2084 1187 2136 me
1209 2068 1321 2159 pudet
1342 2070 1422 2143 rudi

101 2154 103 2237 i
213 2176 251 2229 te
282 2160 505 2255 interpellate
534 2156 606 2252 jam
638 2156 817 2252 epistolio,
853 2157 916 2251 qui
947 2158 1135 2251 aliquando
1168 2162 1283 2233 literas
1325 2186 1419 2237 meas

101 2248 102 2275 ³
211 2248 313 2327 sacto
330 2256 392 2327 illo
418 2274 479 2327 tuo
498 2250 642 2325 Larario
664 2256 735 2343 (1)
761 2252 928 2349 dignatus
953 2252 1072 2325 fueris.
1124 2252 1336 2351 Quanquam
1352 2285 1420 2357 ego

212 2372 288 2423 non
308 2352 376 2424 illis
408 2352 478 2425 hoc
508 2349 631 2425 deberi
658 2350 813 2443 agnovi,
838 2345 897 2421 sed
922 2368 991 2423 tuae
1009 2352 1241 2437 humanitati,
1265 2357 1335 2448 qui
1363 2379 1418 2431 me

208 2442 351 2543 semper
369 2448 551 2543 amplexus
586 2468 646 2532 es,
673 2441 800 2517 mer'itti
828 2442 999 2539 adscripsi
1055 2446 1172 2539 Quam
1205 2452 1418 2543 equidemst

100 2536 102 2555 '
207 2543 389 2639 integram
408 2543 542 2615 servare
562 2562 705 2635 queam,
731 2562 801 2611 non
819 2542 929 2614 modo
945 2545 1122 2635 voluptati
1138 2545 1223 2617 mihi
1238 2550 1418 2635 maximae,

100 2638 101 2649 ’
207 2636 273 2711 sed
293 2642 396 2711 etiam
422 2658 629 2713 ornamento
646 2658 686 2709 ea
714 2634 830 2709 fuerit.
881 2636 964 2710 Tali
990 2641 1083 2711 enim
1107 2663 1175 2735 ego
1202 2647 1419 2738 praeceptori

100 2740 101 2751 ’
207 2756 284 2807 non
306 2732 539 2829 displicuisse,
563 2735 598 2803 in
616 2734 709 2807 bonai
728 2731 903 2808 felicitatis
925 2758 1012 2807 meae
1036 2757 1136 2828 parte
1161 2760 1280 2832 pono,
1304 2766 1418 2816 meam

206 2832 302 2906 verti
323 2854 407 2925 erga
427 2852 461 2902 te
479 2829 736 2903 observantiam
749 2830 856 2903 nolim
873 2852 908 2905 te
923 2854 966 2902 ex
981 2829 1116 2903 silentio
1132 2858 1210 2907 meo
1229 2832 1395 2913 aestitnare
1404 2892 1421 2928 ,

205 2926 292 3001 etim
303 2925 406 3001 sciam
425 2927 490 2999 tibi
501 2925 758 3023 occupatissimo
774 2924 1035 3021 dosliffimoque
1058 2928 1185 3005 otiosas
1200 2954 1241 3005 ac
1257 2934 1418 3009 moestas

205 3024 331 3099 literas
356 3020 532 3097 fastidium
557 3028 764 3118 plerumque
780 3022 929 3098 adferre.
981 3022 1116 3113 Quales
1139 3025 1217 3099 sane
1237 3052 1332 3103 meas
1349 3032 1416 3105 tibi

205 3122 325 3196 videri
350 3118 483 3195 necess'e
506 3118 580 3203 est,
615 3121 677 3215 qui
709 3124 778 3215 jam
816 3142 945 3215 praeter
971 3118 1160 3195 forenfiom
1198 3124 1416 3199 Rabularum

205 3220 382 3292 clamores
415 3219 503 3290 nihil
536 3218 666 3298 audio,
702 3218 763 3311 qui
791 3216 917 3289 libellis
934 3266 947 3302 ,
979 3221 1162 3304 articulis,
1195 3220 1418 3315 testiumquae
1464 3253 1468 3261 ·

204 3310 314 3387 distis
341 3315 387 3385 'le
414 3314 533 3401 endis,
574 3312 875 3408 examinandisque
906 3334 1012 3384 omne
1050 3332 1200 3416 tempus·
1231 3314 1414 3407 consumo.

100 3486 101 3489 ,
206 3408 358 3500 Quibus
419 3412 593 3483 etmanica
617 3410 689 3481 fere
709 3410 829 3503 lingua
857 3406 1065 3504 conscriptis
1090 3408 1227 3482 Latinae
1250 3412 1415 3487 distionis
1541 3472 1548 3486 Ι

100 3516 101 3523 ’
201 3507 518 3603 quantulacunque
534 3504 682 3579 facultas
702 3502 803 3581 facile
819 3506 1047 3601 extinguitur.
1097 3503 1155 3579 De
1177 3508 1333 3604 Parergt‘s
1351 3535 1413 3584 no·

201 3605 261 3676 bis
281 3598 468 3697 generosus
495 3600 689 3674 adolescens
716 3604 799 3674 Otho
825 3625 845 3673 o
871 3604 1027 3695 Vostpttrg
1053 3599 1147 3696 spem
1175 3627 1244 3676 non
1265 3628 1413 3699 parvam

202 3696 364 3783 lecerat,
391 3695 503 3791 deque
524 3698 802 3771 excellentissimo
829 3700 890 3770 illo
919 3718 980 3769 tuo
1007 3698 1152 3794 ingenio
1174 3703 1275 3773 nimis
1298 3704 1411 3775 humi·

200 3796 289 3869 liter
311 3790 457 3888 teipsum
477 3790 610 3863 sentire.
660 3788 781 3869 Times
798 3818 841 3867 ne
865 3794 1015 3871 obscuro
1041 3796 1146 3869 alicui
1163 3796 1409 3891 antibpmaae

201 3895 279 3967 tela
305 3886 467 3982 adversus
484 3910 519 3962 te
538 3886 696 3983 praebeas
707 3890 728 3973 l,
750 3890 800 3964 Et
823 3912 892 3965 tam
914 3894 1104 3972 multorom
1116 3891 1287 3987 judicium
1303 3898 1414 3978 unios,
1461 3933 1465 3941 ·

1318 3994 1409 4068 sivo»

250 4116 319 4214 (ι)
342 4112 496 4200 hrono]
524 4112 722 4193 Lararium,
763 4120 833 4181 enit.
853 4114 968 4183 lotarii
995 4130 1029 4180 tt.
1056 4110 1220 4197 Lamotis.
1241 4114 1408 4189 Oratoire

203 4204 218 4284 <
224 4200 321 4267 Lien
335 4200 419 4267 dans
436 4199 468 4265 la
478 4194 606 4264 maison
620 4218 666 4265 ou
677 4201 727 4266 les
740 4135 875 4285 laycus
891 4199 1072 4267 adoroient
1087 4198 1178 4275 leurs
1191 4199 1273 4268 saux
1288 4204 1409 4273 Dieux

200 4280 457 4366 domestiqoes,
477 4282 514 4350 ὅτ
565 4300 606 4349 or
625 4278 782 4352 faisoient
801 4282 865 4351 des·
892 4280 1090 4368 offrandea)
1120 4281 1186 4353 Pet.
1204 4286 1356 4362 Domina
1373 4295 1411 4355 t'n

104 4400 109 4409 ’
199 4370 299 4441 Dia.
318 4364 433 4433 Larino
455 4364 522 4436 Gol
557 4386 587 4503 οἵ.
845 4448 919 4527 Hb
947 4432 974 4545 ,3

101 1524 104 1619 q
218 1482 421 1649 MUlta
446 1480 490 1555 ad
506 1502 539 1555 te
559 1479 714 1576 cupienti
733 1479 817 1552 mihi
836 1478 1005 1568 scribere,
1030 1480 1318 1561 Excellentisstme
1328 1510 1428 1655 sprae·

101 1624 103 1713 i
