3967 5167
329 440 1324 554 :musmsnnncnmtnn1vmtson
1362 479 1455 574 329·

474 674 988 775 EPISTOLA
1045 676 1226 773 exn.
1478 673 1665 745 e...-

284 900 353 997 n.
399 900 875 1005 nunovtco
922 900 969 995 A
1024 834 1389 999 sumone.

217 1104 311 1211 De
345 1110 499 1225 negotio
527 1104 886 1216 Dauentrienstum
911 1104 1079 1223 Regtnae
1107 1104 1292 1216 Maria,
1329 1104 1450 1197 Hun·
1494 1124 1600 1199 1545·

218 1293 224 1301 .
288 1230 426 1343 gnrt'ae
442 1221 596 1323 vidue,
625 1249 672 1307 ac
689 1220 821 1337 Belgt't'
840 1217 1134 1337 gubernatricis
1157 1231 1315 1311 nomine
1338 1226 1452 1339 aput!

297 1334 529 1427 Eieaorem
555 1332 798 1424 Palatinum
853 1336 1044 1450 erogendo
1072 1332 1306 1445 sententiam
1324 1336 1450 1450 snam

296 1456 488 1671 efforuit,
523 1453 714 1534 actionem
746 1450 788 1533 o'i
816 1448 991 1535 tendendo
998 1478 1013 1551 3
1041 1448 1150 1588 quid
1185 1448 1350 1537 Elector
1376 1453 1449 1535 mi-

1479 779 1528 821 mo
1547 758 1606 823 IV.

1478 837 1533 901 iol.
1551 843 1622 917 484.

298 1566 347 1650 ηε·
376 1568 435 1647 rt‘s
469 1560 657 1667 Cesaret‘s
686 1560 856 1672 infensus
873 1558 957 1668 stt3
985 1560 1094 1675 quod
1132 1558 1449 1672 Protestantibus

291 1670 581 1821 sejunxerit,
609 1670 667 1767 δι’
685 1670 884 1789 quaestui
910 1672 1036 1783 defiet
1063 1671 1350 1842 instructionem(

242 1900 481 2073 ACcepi‚
512 1898 701 1995 Magnifice
717 1899 867 1985 Praeses,
891 1897 1051 1976 Domine
1064 1899 1330 1988 Coleudiffime,
1354 1900 1453 1995 Sere·

374 1996 514 2071 niffimae
536 1996 592 2069 Re
618 1996 626 2012 '
654 2018 685 2067 ae
698 1998 851 2084 litteras,
875 1998 1001 2093 quibus
1016 1999 1176 2089 mandat,
1201 2024 1244 2077 ut
1270 2002 1366 2099 apud
1381 1998 1454 2087 Co·

245 2096 378 2169 mitem
395 2016 652 2166 Palatinum&

248 2188 299 2265 Id
326 2190 487 2285 equidem
514 2210 650 2285 etqua
686 2190 793 2265 debui
830 2191 892 2263 dili
938 2192 1012 2263 ntia
1039 2193 1166 2289 exequi
1195 2215 1338 2288 paratus
1368 2192 1454 2266 sum.

247 2284 391 2361 Verium
416 2286 487 2360 hoc
504 2308 662 2381 tempore
687 2287 746 2360 hic
770 2309 842 2359 non
864 2309 883 2358 a
909 2284 957 2359 est
980 2286 1177 2372 Palatinus,
1202 2286 1261 2363 sed
1284 2288 1455 2363 valetudi-

249 2386 313 2459 nis
332 2380 496 2457 curandae
517 2398 708 2477 pretextu,
731 2384 768 2455 in
784 2384 934 2457 thermas
955 2384 1123 2478 quasdam
1141 2380 1279 2459 seceffit.
1330 2382 1455 2476 Quum

250 2480 366 2577 igitur
385 2477 523 2572 Regina
546 2474 689 2561 scribat,
715 2501 755 2551 ut
778 2476 897 2557 habita
922 2480 1160 2575 oportunitate
1185 2501 1267 2554 cum
1295 2481 1457 2570 Palatino
1716 2556 1735 2576 ,Ι

251 2598 382 2677 agam:
409 2596 480 2645 non
499 2568 572 2645 visa
597 2569 646 2643 est
669 2574 708 2647 id
734 2572 819 2648 mihi
848 2574 941 2649 velle
967 2570 1123 2670 Regina,
1147 2596 1186 2647 ut
1208 2580 1252 2650 ad
1279 2576 1457 2650 absentem
1615 2585 1622 2589 ’
1871 2580 1879 2591 ’

252 2664 509 2783 proficiscerer.
557 2665 645 2741 Non
670 2666 809 2763 polium
829 2690 943 2782 antem
976 2669 1025 2743 D.
1051 2670 1098 2745 V.
1124 2674 1258 2757 celare,
1282 2695 1362 2770 qoae
1383 2671 1457 2767 ipse

258 2761 1459 2957 inllnl‘llllllllillnilillellblfsseselsllll

250 2961 389 3057 ,iestatis
405 2954 590 3043 ministris,
615 2958 769 3051 graviter
788 2956 837 3031 est
852 2954 1025 3045 offensus,
1052 2960 1109 3035 seu
1133 2959 1259 3037 reclino
1276 2963 1389 3037 dicam
1406 2966 1457 3035 in·

97 3086 100 3139 ς
258 3056 379 3131 sensus
399 3078 440 3130 ac
455 3056 574 3127 iratus.
600 3052 773 3129 Indicium
793 3059 865 3151 eJus
883 3056 1099 3131 clariffimum
1115 3062 1336 3153 accepimus,
1360 3062 1459 3155 quod

98 3156 99 3161 ’
238 3226 241 3236 .
261 3149 345 3227 etim
358 3155 416 3226 hic
430 3150 511 3225 ante
524 3149 758 3225 hebdomadas
771 3148 1003 3235 sexvenilset,
1016 3176 1185 3250 togatusa
1200 3153 1365 3248 Regem
1376 3178 1460 3249 pro·

263 3246 430 3345 positioni
447 3244 596 3332 adesset,
612 3246 764 3342 primum
779 3246 918 3342 quidem
928 3246 975 3321 D.
996 3250 1260 3321 Grandotllonum
1274 3249 1319 3321 ad
1337 3249 1461 3323 saluta·

263 3342 1178 3438 tionemcolloquiumqueadmlttetededignatusest:
1193 3346 1460 3439 Boisotoquoque
1513 3355 1519 3364 '

266 3443 304 3517 &
333 3440 418 3513 mihi
446 3440 738 3535 oportunitatem,
770 3440 919 3512 nostram
943 3440 976 3511 ei
1001 3440 1231 3515 reverentiam
1254 3438 1463 3515 testificandi

268 3560 312 3611 ex
331 3538 473 3607 thetto
492 3534 749 3629 quaerentibus,
772 3535 919 3631 oblique
936 3531 1139 3629 responsum
1154 3534 1213 3611 est.
1262 3536 1359 3610 Dum
1373 3561 1462 3627 veto

267 3654 333 3707 nos
350 3631 575 3703 nihilominus
589 3628 804 3704 occasionem
825 3634 898 3729 ejus
914 3628 1021 3705 officii
1038 3650 1236 3727 captamus:
1259 3632 1333 3728 ipse
1362 3632 1463 3708 Pala·
1494 3722 1498 3726 ,

250 3732 381 3809 tinus,
404 3724 482 3821 ipso
497 3727 599 3799 etiam
616 3728 715 3821 Rege
730 3729 839 3802 inscio
851 3752 892 3801 ac
908 3726 1110 3818 insalutato,
1136 3731 1219 3801 hinc
1233 3727 1268 3801 se
1286 3726 1462 3805 subduxit.
1638 3779 1641 3784 ·

266 3828 326 3903 Ex
340 3826 447 3897 Nauio
466 3842 598 3902 autem,
625 3824 686 3916 qui
709 3824 745 3897 in
773 3827 888 3919 aliqua
919 3826 1014 3919 apud
1038 3847 1117 3897 enm
1146 3824 1257 3918 gratia
1284 3824 1462 3912 remansst,
1592 3859 1595 3863 ·

263 3920 486 4017 intelligimus
503 3917 710 4013 potissmium
733 3940 810 3991 com
835 3940 956 3993 contra
977 3920 1244 4002 Grandoellanttm
1261 3943 1302 3995 nc
1330 3943 1387 3996 me
1412 3923 1463 3995 in·

265 4020 423 4117 dignari,
446 4013 528 4090 cium
547 4016 582 4087 in
602 4014 786 4110 genereob
803 4012 916 4088 foedus
936 4015 1126 4101 Danicum,
1154 4035 1228 4089 tum
1245 4017 1293 4091 ob
1308 4020 1463 4114 particu-

262 4117 347 4191 laria
372 4110 532 4212 quaedam
565 4110 728 4207 ejusdem.
780 4109 836 4183 Ab
867 4112 1098 4185 thndnellono
1123 4114 1257 4210 quippe
1279 4110 1378 4210 spem
1400 4114 1463 4190 fibi

98 4214 99 4307 l
265 4209 380 4305 Spitae
395 4210 538 4297 fastam,
563 4208 599 4279 in
616 4230 660 4283 eo
676 4206 822 4281 uastam
839 4209 913 4301 juta
928 4205 986 4281 sua
1003 4210 1234 4305 conjugisque
1250 4210 1353 4286 illaesa
1365 4210 1464 4289 sore:

265 4304 349 4481 qut}
362 4328 480 4476 camp}
496 4303 615 4382 nescio
628 4324 709 4403 quae
726 4305 764 4379 in
780 4326 823 4381 eo
842 4304 1014 4475 commi-neti
1024 4306 1229 4391 criminetur
1243 4310 1310 4391 alia
1319 4357 1333 4399 ‚
1357 4306 1465 4478 qffit

98 4420 99 4423 ‘
250 4466 254 4473 .
342 4424 400 4478 ent.
477 4454 486 4477 .
955 4422 969 4477 t
1353 4426 1373 4478 e
1451 4438 1467 4462 ·

654 2092 807 2167 morem
827 2095 1008 2189 negotium
1018 2092 1325 2171 Daventrienliutn
1340 2118 1453 2193 agam.
