3967 5167
91 150 114 370 l
173 268 178 275 ,

213 3566 222 3583 ἱ
262 3492 302 3565 in
325 3490 438 3560 medio
461 3490 682 3561 tenebrarum
704 3487 805 3561 isthic
834 3484 1031 3583 effulgere,
1049 3488 1093 3558 ad
1111 3510 1142 3557 m

356 406 548 529 amsa.
575 424 881 523 suiacum
908 398 972 517 nn
1002 380 1331 529 orvansos.
1372 444 1464 555 389

266 616 333 704 tia,
349 614 458 692 studia
472 610 698 711 profligari&
713 610 871 707 extingui
887 608 1137 683 animadvertit.
1188 608 1308 699 Quare
1326 611 1385 685 etsi
1403 636 1471 689 co-

263 713 459 787 hortatione
474 708 589 783 nostra
599 730 670 780 non
681 729 782 801 egeat
798 710 909 801 pietas
922 705 1034 777 vestra
1045 758 1054 795 ,
1067 728 1138 778 non
1155 704 1333 801 pollumne
1344 732 1459 785 tamen

263 831 336 883 non
351 828 503 881 amanter
515 824 661 901 petere,
685 802 878 897 seduloque
896 823 1035 894 rogare,
1052 822 1091 873 ut
1108 801 1156 871 D.
1168 800 1212 875 V.
1238 805 1274 875 in
1290 808 1468 897 praeclaro

261 908 333 980 ltoc
352 901 556 995 summeque
570 894 715 973 laudaro
733 899 777 971 de
793 897 909 971 sanila
922 912 1035 969 matre
1055 895 1169 969 nostra
1182 896 1338 975 Ecclesia
1353 900 1460 975 bene*

260 1001 417 1073 merendi
432 1000 567 1079 studio,
617 998 757 1069 crduret
769 993 931 1067 fortiter:¹
949 1009 1055 1089 atque
1074 1014 1221 1088 propter
1238 1016 1460 1073 communem

261 1092 395 1169 Christi
415 1095 452 1167 ὅ(
468 1090 577 1167 Ecclc
592 1114 635 1163 1ae
659 1089 816 1177 causam,
838 1092 940 1163 nullis
959 1109 1018 1163 aut
1035 1090 1167 1185 iniuriis
1192 1110 1253 1163 aut
1279 1094 1466 1171 calumniis

257 1190 500 1285 improborum
518 1186 552 1262 se
570 1189 665 1261 vinci
682 1211 724 1259 ac
743 1188 909 1261 deterreri
922 1187 1101 1279 patiatur,
1127 1208 1199 1281 quo
1215 1187 1327 1262 minus
1343 1190 1458 1263 netel-

259 1287 388 1361 sarium
405 1284 498 1357 hunc
522 1282 716 1381 Religionis
743 1278 872 1354 nostrae
892 1280 1032 1357 tuendae
1060 1280 1098 1353 ὃ(
1130 1286 1297 1357 ornandae
1324 1289 1462 1373 zelum,

256 1405 366 1477 quem
394 1378 571 1474 hucusque
597 1381 734 1461 attulit,
759 1380 853 1451 domi
872 1377 908 1449 ὅ(
932 1377 1018 1451 foris
1037 1380 1257 1453 continenter
1280 1383 1462 1469 declaret,
1586 1394 1591 1405 '

255 1478 364 1574 seque
385 1472 524 1547 summis
536 1473 719 1548 interim&
733 1474 866 1549 aetemis
883 1474 950 1545 illis
968 1472 1162 1547 conlbletur
1178 1476 1351 1569 praemiis,
1401 1502 1461 1552 uae

262 1572 405 1649 Cbristo
428 1570 673 1667 promittente,
698 1573 871 1664 patientes
896 1589 1043 1667 proptep
1060 1567 1222 1663 justitiam
1249 1574 1348 1647 certd
1376 1502 1460 1651 dunt

257 1668 452 1764 accepturi.
500 1663 681 1740 Postremd
701 1666 749 1737 D.
761 1664 807 1734 V.
831 1666 939 1737 latere
956 1668 1136 1747 nolumus,
1163 1667 1331 1741 inanimo
1351 1670 1458 1749 nobis

258 1763 352 1852 elie,
375 1783 418 1857 ut
443 1764 611 1855 proximo
622 1760 735 1835 mense
753 1757 903 1865 Odiobri
915 1810 928 1845 ,
951 1759 977 1832 sr
1003 1760 1159 1835 christus
1176 1759 1314 1851 faveat,
1339 1762 1458 1863 Syno-

260 1860 343 1935 dum
361 1860 396 1931 in
415 1856 570 1931 Ecclesia
582 1860 696 1932 nostra
713 1858 935 1931 celebremus.
968 1856 1028 1928 Ad
1046 1880 1121 1931 earn
1137 1880 1210 1933 rem
1221 1858 1456 1954 indigeremus

260 1956 380 2042 bono,
405 1954 509 2025 (1οᾶ0
522 1955 560 2027 &
572 1957 687 2049 perito
704 1952 913 2041 Carionilla,
927 1954 991 2048 qui
1007 1952 1145 2028 duobus
1161 1976 1221 2028 aut
1235 1954 1347 2030 tribus
1364 1982 1458 2043 men·

261 2049 377 2137 sibus,
401 2050 473 2122 imd
498 2046 635 2122 fortalle
651 2050 781 2123 diutius
795 2050 830 2118 in
848 2050 925 2121 aula
936 2050 1050 2121 nostra
1068 2072 1184 2123 coram
1199 2050 1349 2135 adelict,
1373 2056 1458 2129 suis·

263 2170 336 2242 que
360 2144 509 2219 consiliis
534 2168 604 2217 non
629 2146 736 2219 modd
759 2140 861 2215 didiae
889 2144 1044 2238 Synodi,
1078 2144 1136 2216 sed
1163 2147 1264 2218 etiarn
1291 2144 1458 2224 Ecclefiae

263 2244 387 2316 nostra
405 2242 546 2337 negotia
570 2262 805 2338 promoveret.
856 2239 977 2333 Quare
990 2238 1093 2311 D.·V.
1107 2241 1143 2311 in
1160 2242 1281 2335 primis
1294 2264 1452 2337 oramus,

83 2421 84 2424 Ἴ
261 2338 527 2413 utsuamnobit
548 2360 690 2431 operam
707 2336 861 2432 praebeat
875 2339 910 2407 in
935 2338 1135 2431 hujusmodi
1147 2336 1358 2432 jureperito,
1383 2338 1456 2418 srva
1588 2424 1589 2427 Ἴ
1619 2336 1645 2383 ’1
1682 2402 1686 2411 .

137 2501 139 2504 ,
258 2433 304 2509 fit
325 2436 542 2510 licentiatus
558 2436 635 2520 ille,
660 2430 729 2507 sive
746 2428 905 2519 Dolior,
929 2434 1159 2505 inveniendo:
1184 2432 1265 2505 crim
1281 2436 1317 2506 in
1330 2436 1460 2511 vicinia

262 2531 404 2625 quidem
423 2528 652 2612 Civitatibus,
679 2526 878 2603 dioecefibne
894 2526 1352 2625 &gymnaliis‚complures
1369 2532 1459 2627 ejus-

263 2626 362 2697 modi
379 2625 510 2700 soleant
526 2626 679 2721 reperiri.
729 2622 832 2697 Nihil
847 2644 960 2697 autern
976 2622 1086 2697 nobis·
1094 2626 1159 2697 erit
1175 2628 1329 2721 gratius,
1354 2628 1459 2723 quim

264 2724 381 2819 primo
406 2742 548 2818 quoque
569 2741 728 2816 tempore
740 2721 851 2795 literis
868 2718 915 2793 D.
940 2720 986 2792 V.
1011 2744 1076 2815 per
1096 2720 1316 2794 veredarium
1341 2727 1458 2819 publi·
1541 2802 1544 2809 ,

265 2839 346 2891 cnm
366 2820 411 2891 ad
426 2840 489 2892 nos
506 2818 597 2891 datie
621 2817 834 2911 intelligere,
858 2816 1007 2910 quidde
1039 2819 1101 2889 illo
1126 2815 1261 2913 sperare
1286 2810 1458 2917 nobisque

263 2916 468 3013 promittere
481 2914 667 3009 polimus,
690 2934 730 2985 nt
747 2910 929 3006 evestigio
942 2915 987 2985 de
1009 2911 1218 3007 sumptibus,
1234 2936 1313 2987 cum
1330 2919 1460 2992 eodem
1595 2968 1597 2971 -

264 3011 340 3105 agi,
372 3009 585 3106 firmiterque
610 3010 740 3103 aliquid
777 3010 940 3081 concludi
962 3019 1133 3083 curemus.
1183 3008 1262 3084 Nos
1293 3014 1459 3100 viciffim,

263 3102 1467 3281 aliaml”t.‘.²ll.¹²⁶lll{¹.¹llali.l.ffdfitliftlltll

264 3321 358 3372 mus:
385 3228 618 3464 quimapnam
636 3319 679 3371 ex
710 3320 753 3369 eo
769 3299 923 3392 capimus
943 3252 1187 3388 voluptatem,
1214 3296 1308 3390 quod
1335 3294 1385 3370 D.
1410 3296 1458 3371 V.

261 3392 333 3489 jam
359 3396 393 3464 in
410 3396 505 3466 eccle
519 3392 672 3465 rusticum
688 3392 846 3465 ordinem
863 3411 1063 3487 cooptatam
1081 3388 1155 3485 (a)
1171 3392 1208 3464 ὃ(
1220 3392 1328 3465 veluti
1340 3398 1459 3505 lumen

265 3584 352 3655 niam
376 3581 415 3655 dt
438 3580 603 3657 Ecclefiae
629 3584 834 3670 utilitatem,
858 3585 1097 3679 intelligamus.
1146 3508 1280 3657 iffi]
1295 3486 1461 3661 ppragrrcoe

265 3675 381 3749 nostra
399 3676 559 3772 Dilinga,
583 3680 642 3752 die
665 3678 868 3753 Sandiurum
892 3702 1087 3774 martyrum
1103 3675 1234 3752 Abdon
1254 3680 1291 3752 δι
1309 3678 1468 3757 Senonie

264 3796 359 3851 anno
373 3770 523 3849 Domini
544 3772 597 3847 nl
618 3772 665 3846 D.
687 3774 817 3853 LXVl.
868 3776 912 3851 C.
935 3776 985 3850 D.
1012 3772 1058 3847 V.
1082 3773 1144 3850 Ex
1162 3776 1279 3849 animo
1295 3777 1432 3852 amicus·

827 3953 964 4031 Orno
991 3956 1166 4031 Catdlnalis
1193 3954 1409 4055 Augustanus.
1430 3980 1456 4027 υ

306 4142 369 4228 (2)
389 4142 435 4210 Ia
446 4142 666 4229 ecclesinjiimm
679 4122 813 4212 ordinem
829 4143 899 4214 dte.
922 4144 1043 4231 ngiut
1063 4146 1231 4219 Sacerdos
1245 4147 1398 4219 initiatus
1409 4148 1466 4219 effi

265 4232 431 4310 211..1562.
454 4228 497 4311 V.
520 4228 627 4299 litam
646 4228 704 4297 N..
717 4228 888 4299 LXXIX.

900 4396 990 4477 C'cc
1018 4423 1042 4497 3
1340 4390 1465 4470 urt-
