3967 5167
351 539 541 641 unsa.
572 530 876 635 sacrorn
902 554 971 625 n>
995 466 1328 632 onrrsos.
1386 502 1443 653 '27
1576 668 1580 671 .
1864 624 1869 636 .

103 758 108 771 ·
243 738 520 844 gatumhabeat,
538 729 698 829 qnimtu
713 726 911 805 noenum
926 724 1091 823 idemque
1107 717 1442 822 bumanidimeprte·
1529 729 1539 751 '

240 862 374 936 ceptor.
423 830 484 905 Ne
505 850 608 925 putea
626 850 682 900 me
707 826 813 922 igitur
836 844 989 917 unquam
1010 819 1288 907 commissurum,
1311 842 1352 895 ut
1372 824 1442 899 hac

238 930 497 1033 ingratitudinis
520 948 627 1012 nota,
651 944 732 1018 quae
755 918 876 1017 probis
901 938 1084 1015 tantopere
1104 914 1156 992 est
1180 918 1439 1001 abominabilis,
1591 907 1596 913 ’

238 1036 377 1109 inurar.
418 1025 469 1099 Et
493 1042 694 1119 quanquam
716 1020 780 1091 vix
796 1038 951 1111 unquam
976 1011 1194 1089 oceadonem
1211 1014 1296 1085 mihi
1314 1010 1442 1089 affirtu-

179 1148 184 1153 ·
237 1152 314 1205 ram
329 1126 483 1222 sperem,
509 1140 549 1195 ut
569 1140 637 1214 pro
652 1115 756 1188 tantia
780 1114 909 1187 meritis
926 1110 992 1183 tibi
1006 1108 1257 1205 respondeam,
1279 1128 1378 1204 grata
1391 1130 1442 1183 ta·

236 1248 330 1300 metr
347 1221 510 1293 voluntas
542 1213 580 1286 dt
611 1208 860 1300 satisfaciendi,
876 1204 1114 1291 desiderium,
1144 1202 1303 1277 severum
1338 1205 1442 1279 etiam

236 1321 453 1395 creditorem
463 1314 602 1407 placare
620 1308 719 1381 solet.
767 1302 959 1377 Plurimum
979 1299 1019 1375 dr
1037 1324 1093 1375 me
1117 1299 1199 1373 inde
1225 1298 1291 1373 tibi
1311 1299 1440 1374 debere

235 1416 429 1493 confiteor,
453 1408 550 1502 quod
568 1403 616 1481 stc
633 1424 691 1476 me
715 1400 765 1475 ibi
782 1401 965 1494 praedicer.
1015 1396 1118 1474 Scito
1142 1412 1258 1467 autern
1280 1418 1338 1467 me
1358 1388 1442 1467 sem·

82 1492 90 1513 ’
234 1534 302 1607 per
322 1507 613 1599 advigilaturum,
638 1520 677 1571 ut
700 1498 769 1573 tuis
793 1491 1205 1569 commendationibus&
1224 1508 1260 1565 te
1282 1512 1440 1585 pracep-

233 1629 336 1695 tore,
363 1624 433 1676 non
457 1598 620 1693 indignus
638 1592 720 1667 fiam
743 1589 945 1685 discipulus.
995 1587 1220 1680 Quocunque
1235 1583 1313 1659 sane
1331 1605 1438 1663 tem.

99 1728 101 1733 ·
232 1726 312 1779 rum
337 1722 391 1773 me
420 1693 559 1768 fortuna
583 1690 693 1777 ieret,
717 1684 956 1761 circumferam
978 1683 1143 1768 vicisim,
1175 1704 1248 1755 noo
1271 1683 1380 1757 modo
1404 1684 1442 1757 in

231 1798 398 1899 pedore,
421 1788 481 1865 sed
506 1789 609 1859 etiam
635 1787 757 1883 inore
781 1803 884 1865 meo,
921 1781 1091 1873 Jacobum.
1122 1776 1224 1851 ·Nec
1249 1778 1343 1853 enim
1368 1776 1442 1852 sine
1483 1829 1488 1839 ι

186 1916 190 1937 ·
233 1897 376 1973 nomine
394 1880 573 1977 contigisse
591 1879 678 1955 mihi
700 1878 849 1959 arbitror
865 1879 954 1951 duos
979 1875 1120 1969 Jacons
1143 1871 1217 1967 (4)
1243 1895 1359 1973 praece
1386 1894 1443 1949 to-

233 2006 427 2078 res,unum
443 1982 479 2053 in
493 1976 754 2053 humanioribus
770 1968 1095 2051 literis&Graecir,
1113 1970 1318 2065 quiapudd
1378 1991 1439 2054 or,
1591 1994 1597 2001 ·

82 2126 86 2137 ⁸
233 2088 409 2165 moriens,
434 2098 562 2149 nomen
580 2072 720 2165 reliquit
729 2068 886 2150 celebre,
903 2067 940 2141 dt
960 2069 1134 2139 literatum
1154 2087 1439 2151 monumentum,

232 2206 308 2282 quo
328 2173 408 2276 post
429 2174 537 2245 multa
567 2170 672 2242 etiam
695 2162 810 2265 secula
838 2158 1011 2237 viaturam
1035 2183 1114 2235 eum
1138 2158 1248 2256 spero.
1299 2160 1371 2236 Cui
1400 2182 1439 2235 tu

231 2283 322 2355 alter
347 2272 486 2367 Jntrus
509 2284 686 2360 oportune
711 2264 797 2335 mihi
819 2258 928 2331 Dolae
953 2255 1153 2343 succeffisti,
1187 2254 1284 2353 quod
1304 2280 1374 2352 ego
1387 2258 1439 2329 in·

232 2396 289 2450 rer
304 2372 417 2469 prima
434 2361 624 2437 ioelicitatis
633 2380 720 2431 meae
736 2358 852 2453 capita
867 2356 991 2428 merito
1009 2350 1183 2427 recenseo.
1231 2350 1328 2441 Quis
1346 2353 1440 2429 enim

231 2470 301 2547 suit
318 2472 355 2543 in
373 2458 534 2538 docendo
552 2455 776 2549 diligentior,
801 2450 1006 2530 humanior,
1030 2448 1203 2543 peritior?
1228 2449 1283 2520 Ac
1306 2450 1441 2522 utinam

234 2590 304 2661 ego
323 2556 455 2637 su'iffem
482 2576 555 2627 tam
583 2548 718 2623 sedulus
750 2543 939 2639 discipulus
957 2564 1099 2636 ,quam
1121 2564 1159 2615 tu
1183 2540 1318 2615 donor.
1365 2542 1440 2617 Ali·

231 2662 320 2757 quid
339 2674 472 2733 tamen,
497 2664 590 2720 cette
605 2661 719 2717 toturn
734 2644 805 2714 hoc
819 2640 916 2733 quod
935 2636 1031 2720 scio,
1062 2634 1144 2709 crim
1169 2660 1189 2709 a
1216 2658 1253 2711 te
1282 2640 1434 2733 ingenue

82 2756 83 2759 ’
129 2768 131 2774 ’
231 2782 289 2830 me
315 2741 484 2845 accepisse
510 2738 713 2837 agnoscam,
739 2733 776 2810 dr
800 2734 962 2809 lubenter
980 2730 1184 2829 agnoscam,
1208 2735 1440 2830 &perpetuo

82 2860 83 2865 ’
232 2850 437 2947 agnoscam,
462 2838 607 2915 obsecro
626 2856 667 2907 ut
690 2834 728 2907 dt
748 2851 785 2903 tu
801 2832 1005 2925 opinionem
1026 2824 1213 2915 sinistram,
1235 2852 1341 2937 quam
1366 2852 1438 2904 ma.

82 2972 84 3025 r
230 2948 340 3023 levoli
364 2941 519 3015 homines
535 2931 602 3005 tibi
621 2926 801 3003 adversum
816 2948 871 2999 me
898 2928 1184 3013 inmutaverunt,
1207 2928 1349 3000 mmor
1373 2926 1437 3007 Me

83 3110 84 3115 ,
233 3046 326 3119 enim
342 3040 476 3133 semper
490 3026 710 3127 gratissimum
726 3020 955 3118 discipulum,
979 3020 1174 3097 &laudum
1188 3040 1324 3095 tuarum
1346 3044 1437 3118 prar-

83 3146 84 3149 ’
230 3161 388 3221 eonem,
419 3146 629 3226 quocunque
662 3142 832 3193 terrarum
854 3118 981 3199 ivero.
1012 3116 1213 3211 expetieris.
1261 3116 1321 3192 De
1343 3119 1438 3193 Aca.

82 3278 84 3293 .
230 3236 354 3310 demiae
374 3232 470 3327 hujus
493 3216 641 3295 successu
667 3238 747 3310 quae
767 3234 869 3289 ame
892 3210 1000 3287 scribi
1020 3210 1209 3299 desiderat,
1229 3212 1302 3309 jam
1320 3233 1342 3285 a
1358 3217 1437 3308 ple-

82 3370 84 3411 2÷
192 3398 197 3403 .
229 3332 344 3424 risque
370 3344 471 3399 antea
496 3316 688 3407 intelligere
711 3309 878 3405 potuisti,
903 3308 976 3402 q'ui·
990 3308 1074 3381 hinc
1091 3310 1137 3381 ad
1154 3329 1222 3381 vor
1244 3310 1435 3384 redierunt.

228 3427 350 3503 Alcimi
383 3414 572 3516 profitendi
604 3404 882 3481 institutum'tibi
903 3424 1048 3497 quoque
1070 3403 1251 3499 cognitum
1274 3404 1434 3479 arbitror.

227 3522 318 3617 Ejus
344 3517 420 3589 sane
437 3512 609 3607 specimen
633 3504 793 3598 accipere
812 3502 945 3595 poteris
970 3522 1015 3573 ex
1030 3497 1300 3573 Commentariit
1323 3501 1361 3572 in
1387 3498 1432 3573 1..

82 3652 83 3657 ¹
228 3612 402 3691 detestari.
426 3606 464 3680 ff.
491 3608 535 3678 de
565 3601 756 3679 verborum
787 3592 1108 3690 fignificationibur.
1157 3594 1311 3671 Videtur
1335 3616 1429 3671 certe

222 3716 280 3812 jus
298 3708 404 3783 civile
419 3704 455 3775 in
475 3722 582 3773 artem
599 3692 803 3781 coadiurus,
827 3688 875 3765 fic
901 3693 1019 3765 omnia
1036 3708 1184 3764 conatur
1206 3694 1244 3763 in
1267 3694 1406 3785 regular
1413 3741 1427 3779 ,

83 3872 84 3875 ,
227 3804 454 3900 exceptiones
461 3844 474 3879 ,
508 3788 794 3883 limitationesque
824 3788 991 3881 redigere.
1043 3785 1102 3885 De
1122 3810 1166 3859 eo
1193 3789 1309 3860 malim
1329 3805 1429 3860 tuum

223 3903 391 4004 iudicium
416 3892 568 3971 andire,
604 3884 708 3979 quim
736 3906 852 3957 meum
877 3881 1044 3976 proferte.
1103 3879 1335 3957 Profitebatur
1364 3884 1427 3959 hic

82 4024 84 4059 2
224 4003 329 4077 etiam
339 4014 440 4069 antea
455 3986 559 4060 senex
571 3980 714 4077 quidam
729 3975 910 4075 Hispanus
924 3981 981 4050 tui
993 4000 1118 4051 nomen
1135 3978 1183 4050 est
1193 3980 1429 4053 Santone-

82 4084 84 4187 ξ
122 4186 127 4195 .
223 4094 386 4173 ditandus.
436 4084 470 4159 Is
495 4098 618 4157 eontra
649 4076 810 4150 Altinum
837 4075 1023 4162 irritatus,
1046 4072 1172 4169 sponte
1192 4070 1227 4147 se
1251 4073 1295 4149 ab
1318 4076 1427 4247 prog-

282 4218 290 4225 ·
1252 4226 1259 4239 .
1326 4176 1425 4246 teni

186 4410 190 4413 .
268 4315 330 4405 (4)
350 4296 684 4405 DuorJneonos]
704 4296 844 4396 Nempe
865 4294 1272 4391 DuxinnmhuncDolae‚
1294 4292 1332 4367 dt
1351 4293 1426 4369 Vol·

82 4488 84 4495 ὲ
222 4404 343 4474 cordum
360 4392 525 4507 Lorarii,
545 4388 589 4458 de
610 4401 679 4470 quo
701 4400 738 4493 tn
758 4378 863 4538 Nsstrg
881 4379 925 4450 ad
945 4379 1076 4451 Vitam.
1093 4378 1140 4448 N.
1161 4380 1254 4449 Xlll.
