3967 5167
339 487 533 640 rnrsr.
565 541 875 640 sumere
902 569 972 635 nn
1001 543 1335 647 emensos.
1394 561 1449 672 85

251 723 361 797 dones
386 739 503 792 autem
531 719 737 806 contextum
760 714 955 814 sequuntur
980 720 1149 794 authoris.
1198 717 1340 794 Deinde
1360 727 1449 804 uerd

91 818 95 909 ζ
249 828 355 916 ‘prout
372 815 523 912 'qumque
536 837 593 889 ret
613 815 785 891 incideret
794 865 809 904 ,
831 818 928 910 leget
946 814 1166 897 terebantur,
1192 836 1311 912 eaque
1328 816 1449 894 secun·

91 910 93 919 ’
247 917 327 986 dum
352 913 494 986 lationis
524 933 683 1008 tempora
708 911 806 992 fuere
826 915 1080 992 comendam
1113 915 1290 989 literatum
1317 937 1448 990 memo·

91 1234 93 1289 3
243 1222 342 1276 erant
366 1200 538 1284 colledia,

91 1014 93 1059 ³
244 1011 328 1082 rie..
365 1009 402 1081 Si
417 1031 500 1106 quae
516 1009 606 1082 verb
620 1009 787 1085 extabant
805 1006 1044 1088 consultorum
1061 1005 1165 1103 super
1182 1009 1290 1086 dubio
1298 1015 1373 1106 jure
1391 1035 1446 1086 re·
1555 1009 1561 1016 “

91 1130 93 1187 4
242 1101 392 1200 sponsa,
417 1109 539 1180 eadem
561 1127 706 1275 {unque
726 1127 797 1179 non
827 1104 892 1178 lob
920 1105 1066 1183 eandem
1093 1105 1138 1178 ab
1162 1101 1245 1200 ipso
1267 1110 1446 1183 materiam

596 1201 679 1277 deo
702 1203 826 1278 ordine
851 1222 1039 1288 annotata,
1065 1223 1138 1296 quo
1157 1199 1220 1296 ipfi
1239 1199 1344 1276 tuere
1361 1225 1446 1278 con·

91 1308 93 1333 l
240 1297 333 1372 sulti.
388 1297 479 1372 Cum
502 1297 618 1392 itaque
643 1296 821 1372 incidebat
841 1300 959 1393 alique
977 1298 1184 1384 dubitatio,
1210 1295 1350 1378 difficile
1372 1319 1447 1375 erat

91 1395 111 1467 f
235 1394 276 1465 in
299 1389 616 1472 tantaconfulione
636 1393 833 1488 intelligere
854 1391 941 1489 quid
963 1391 1046 1484 effer
1068 1389 1295 1490 sequendum.
1344 1393 1446 1468 Defi·
1489 1479 1492 1488 ¹

91 1528 93 1585 j
240 1491 431 1564 derabator
462 1510 578 1564 autern
615 1511 671 1561 ars
695 1491 878 1583 quaedam,
907 1493 1006 1585 cujut
1037 1489 1086 1564 est
1116 1492 1305 1588 generatim
1326 1491 1445 1586 primd

240 1587 412 1672 tradere,
442 1584 524 1682 post
557 1583 706 1679 lingulae
739 1582 873 1680 species
910 1587 1112 1680 explicere,
1143 1585 1355 1682 smgulorum
1383 1586 1445 1666 de,

105 1829 109 1834 -
236 1781 299 1853 md
327 1801 409 1872 quae
428 1779 499 1850 inci
525 1801 585 1850 ere
608 1779 771 1872 ambigua
795 1776 965 1874 poliunt,
1001 1779 1039 1852 di

124 1729 128 1735 ,
237 1679 444 1766 finitiones,
472 1703 498 1756 e
575 1681 731 1777 alogias,
765 1679 1021 1778 divisionesque
1041 1677 1444 1852 sporltaponetefflpostre-

1090 1803 1196 1855 vere.
1330 1801 1351 1852 t
1386 1803 1445 1854 or-

236 1875 454 1948 dinationem
478 1895 546 1969 ego
570 1893 680 1948 artem
716 1895 833 1962 voco,
867 1897 948 1971 quae
975 1874 1213 1970 cognoscendi
1238 1873 1441 1950 facilitatem

238 1971 401 2064 inprimis
435 1967 664 2067 suppeditat,
697 1972 808 2045 veluti
838 1969 864 2044 st
897 1972 988 2046 varii
1020 1969 1153 2048 confnsr
1190 1968 1255 2044 lint
1291 1974 1445 2058 nummi,

234 2065 395 2160 velisque
419 2064 585 2162 expedite
606 2063 779 2159 quossibet
800 2069 1031 2163 depromere,
1058 2065 1190 2144 necesse
1206 2065 1311 2142 fuerit
1329 2090 1369 2142 ut
1386 2091 1444 2143 en·

238 2165 519 2258 tea-Philippeos
537 2163 582 2233 ab
593 2161 773 2248 Caroteir,
800 2164 966 2239 Scutatos
980 2187 1000 2235 a
1016 2164 1165 2242 Ducatis
1178 2163 1339 2260 stpares,
1363 2165 1445 2240 suil-

236 2283 310 2354 que
340 2261 468 2332 loculis
487 2258 659 2353 disponas.
712 2257 1022 2346 Quemadmodum
1044 2263 1133 2336 verb
1153 2264 1337 2336 hocnemo
1361 2283 1444 2357 pot·

237 2357 310 2438 est,
339 2352 400 2428 nist
417 2354 481 2451 qui
499 2353 592 2450 ipsos
610 2378 772 2430 nummos
789 2356 905 2452 probe
922 2355 1064 2442 noscat,
1087 2361 1137 2432 ita
1156 2379 1221 2431 nec
1246 2379 1356 2430 artem
1379 2357 1402 2448 J
1404 2381 1443 2430 u·

234 2452 286 2534 ‚ris
312 2449 461 2524 scribere
478 2449 614 2546 potest,
639 2449 701 2523 nist
721 2454 785 2546 qui
800 2476 928 2546 genera
949 2453 1103 2524 omniurn
1118 2451 1347 2547 quaestionum
1360 2454 1443 2528 atti·

231 2544 357 2620 ficiosa
375 2546 590 2620 distmmone
608 2547 723 2618 animo
740 2545 930 2640 complecti
945 2565 1069 2641 queat,
1095 2549 1132 2622 dt
1150 2569 1230 2640 quae
1243 2545 1443 2642 Emptionit

230 2643 346 2728 sunt,
372 2639 775 2736 quaequeCommodati,
790 2645 849 2714 vel
862 2643 1004 2730 Mutui,
1029 2641 1098 2718 suit
1117 2641 1253 2716 sedibus
1271 2643 1354 2738 apte
1373 2641 1439 2718 dtr-

229 2740 382 2814 tribuat.
434 2735 522 2810 Hoc
564 2760 680 2812 autem
700 2739 830 2812 dudum
849 2735 1057 2814 boumetre
1076 2763 1147 2812 non
1167 2741 1328 2833 ignorat,
1354 2762 1439 2836 qua·

230 2855 387 2931 propter
410 2831 448 2904 dt
470 2832 694 2928 Digestorum
719 2833 843 2909 ulitara
866 2833 935 2910 fuit
953 2833 1209 2928 Jurisconsultia
1236 2836 1341 2913 inseri
1367 2839 1439 2926 tio,

230 2932 336 3030 quod
355 2932 392 3002 in
410 2951 452 3002 eo
468 2931 570 3002 multi
584 2929 794 3019 laborarint,
819 2948 860 3004 ut
883 2933 920 3004 in
940 2933 1121 3006 meliorem
1143 2931 1304 3006 ordinem
1337 2955 1373 3006 tn
1427 2971 1440 2988 ·

230 3033 268 3103 la
287 3029 428 3120 semper
444 3021 624 3101 referrent.
672 3025 757 3100 Non
781 3027 830 3099 est
844 3025 954 3124 igitur
971 3027 1070 3124 qnod
1088 3023 1194 3126 Crtffi
1213 3051 1356 3122 operam
1404 3054 1438 3104 u·

227 3126 397 3220 gitemus.
447 3123 516 3195 Sed
532 3119 571 3196 dt
584 3119 690 3216 ipfius
706 3126 862 3197 Ciceronis
873 3146 974 3198 aetate
990 3127 1058 3198 boc
1074 3123 1146 3218 jam
1162 3123 1327 3199 effebum
1339 3146 1439 3213 erat,

90 3272 95 3291 .
204 3302 212 3313 ⁸
256 3220 333 3296 uod
358 3219 452 3314 apud
472 3221 572 3292 illum
586 3239 705 3294 orator
728 3217 853 3314 Craffus
872 3223 1058 3314 promittit.
1108 3221 1272 3322 Q-enim
1298 3223 1439 3296 Mutine

228 3244 295 3410 §ns
316 3313 435 3388 Civile
450 3317 642 3411 generatim
662 3315 793 3411 primns
818 3315 997 3407 constituit
1011 3315 1164 3400 authore·
1186 3317 1374 3408 emptor,
1398 3336 1439 3390 ut

227 3432 304 3486 tem
361 3413 407 3484 ris
426 3413 592 3486 decorum
605 3412 646 3484 br
664 3408 889 3506 personatum
901 3409 1037 3488 soeutut
1062 3412 1188 3498 Cicero,
1213 3433 1257 3484 eo
1281 3411 1363 3484 loco
1378 3414 1439 3506 qui

226 3510 298 3591 abs
339 3510 367 3578 is
383 3508 574 3601 allegatur,
599 3505 825 3602 subjunxerit.
875 3507 1037 3595 sienim,
1055 3507 1188 3602 inquit,
1214 3531 1272 3582 aut
1286 3509 1371 3581 mihi
1386 3507 1437 3580 fa·

228 3627 322 3681 cete
345 3603 484 3675 licuerit
509 3603 607 3699 quod
628 3605 759 3699 jamdiu
782 3604 929 3700 cogito,
964 3625 1023 3678 att
1041 3605 1128 3677 alius
1153 3603 1352 3699 quispiam,
1375 3625 1438 3678 vtunt

226 3725 291 3776 me
305 3697 481 3792 impedito
497 3703 701 3794 occuparit,
732 3719 793 3774 aut
808 3722 947 3779 mortuo
975 3697 1134 3777 effecerit
1155 3699 1227 3774 dcc.
1249 3701 1442 3792 occupavit

226 3813 335 3872 certe
359 3796 409 3888 Q
434 3794 583 3881 Mutius,
607 3816 647 3868 ut
673 3795 781 3868 modo
803 3818 848 3869 ex
861 3797 1026 3890 Pomponio
1039 3796 1260 3876 ostendimus.
1286 3793 1357 3868 Sed
1372 3797 1437 3868 ini⁴

91 3962 92 3967 ,
224 3896 280 3968 ria
299 3889 466 3984 cujusque
491 3891 579 3965 ertit
605 3889 705 3962 rudia
727 3887 805 3962 ferd
823 3889 920 3980 sunt,
947 3893 1070 3988 &ipse
1089 3893 1247 3974 manda,
1272 3911 1311 3964 ut
1333 3893 1440 3974 Cicero

226 3987 428 4083 aliquando
451 3985 615 4071 testam,
642 3983 843 4070 Dialetlicae
856 3985 924 4073 fuit
938 3990 1142 4082 imperitus,
1162 4009 1231 4082 qut
1246 4009 1320 4062 arte
1329 3991 1437 4062 marti·

226 4083 293 4162 md
315 4106 410 4178 opas
427 4080 478 4156 est
496 4084 544 4156 ed
564 4083 791 4176 redigendam
806 4083 844 4155 in
865 4105 973 4156 artem
991 4086 1094 4158 aliem
1114 4081 1340 4178 disciplinam.
1368 4083 1437 4160 lta-

144 4199 154 4212 ”
226 4205 306 4280 que
331 4183 392 4275 qai
409 4203 492 4252 eum
510 4178 623 4256 secuti.
633 4179 731 4263 sunt,
755 4174 938 4256 lbrdiofius
960 4182 997 4252 in
1011 4181 1048 4253 id
1066 4179 1308 4257 incubuerunt.
1334 4181 1436 4276 Quo·

225 4300 315 4352 rum
340 4297 382 4348 ut
402 4296 565 4352 conatum
593 4275 775 4372 adjuraret
797 4275 924 4366 creor,
957 4273 1093 4373 scriplit
1118 4279 1219 4352 etiarn
1245 4278 1371 4354 librum
1389 4279 1438 4383 de

223 4372 327 4470 Jnre
343 4370 449 4457 Civili
463 4373 501 4452 in
517 4391 633 4454 'artem
660 4372 996 4562 redigeedIo,3cujts
1016 4395 1105 4473 puto
1125 4369 1439 4560 monomenta-Q
1580 4423 1586 4430 .
