3967 5167
110 904 129 1057 l

319 468 515 600 ausu
542 498 849 598 salucra
879 524 950 627 un=
975 502 1311 610 urvausos.
1374 532 1452 620 ιη

247 702 361 779 tiores
386 700 568 775 admittere
591 696 706 773 seiam.
755 696 929 793 Volgares
955 703 1047 776 euim
1077 701 1247 779 amicitior
1270 702 1451 797 perpetuo

246 795 499 895 contempsisti,
534 792 762 891 delegistique
785 796 851 875 tibi
873 818 1035 891 paucos,
1065 796 1126 871 sed
1150 820 1240 893 quor
1266 820 1311 871 ex
1331 800 1450 873 animo

243 916 382 967 amares.
433 890 476 965 In
502 914 575 988 quo
601 914 745 967 numero
766 914 834 987 ego
864 892 1002 989 semper
1026 892 1092 966 else
1116 897 1260 989 cupivi,
1285 894 1325 969 oc
1347 894 1452 971 fuine

241 1012 297 1067 me
317 988 483 1063 hasienus
504 988 648 1073 videor,
674 1008 778 1083 atque
792 1008 834 1061 ut
851 992 907 1063 rue
925 992 962 1063 in
977 988 1155 1085 posterum
1170 992 1322 1075 habeas,
1343 995 1448 1067 etiarn

239 1106 345 1181 atque
365 1088 468 1160 etiam
488 1108 587 1180 rogo.
638 1084 687 1159 Et
708 1108 906 1181 quanquam
933 1085 1146 1183 corporibus
1172 1089 1232 1160 lou
1258 1086 1280 1159 ὲ
1303 1086 1447 1163 fortassis

110 1190 112 1205 ²
238 1182 344 1257 diffiti
368 1182 528 1269 erimus,
552 1183 673 1255 animis
700 1204 815 1255 tamen
845 1180 947 1263 fimus
979 1180 1169 1280 conjuuiii.
1259 1204 1352 1279 uque
1375 1185 1447 1261 five

238 1278 334 1375 apud
348 1277 455 1354 Italos
471 1277 662 1363 habitabis,
686 1275 756 1353 sive
774 1280 868 1375 apud
886 1278 1024 1355 Suevos
1039 1301 1120 1355 tuos
1134 1280 1304 1368 redierit,
1328 1303 1374 1354 eo
1400 1285 1446 1357 'ta

238 1397 275 1450 te
303 1377 350 1451 ad
376 1395 566 1447 extremam
598 1370 738 1447 Oceani
769 1398 891 1463 oram,
925 1374 962 1447 δι
993 1381 1087 1473 apud
1115 1378 1284 1451 barbaros
1315 1376 1377 1449 Fri
1391 1401 1446 1451 ror

237 1471 371 1544 habere
391 1472 443 1545 tui
458 1469 716 1545 amantissimum
730 1472 885 1566 Viglium.
910 1470 1076 1569 Plerique
1094 1497 1139 1546 ex
1156 1473 1330 1562 utilitate,
1350 1496 1446 1547 com·

240 1569 480 1661 moditateque
496 1566 606 1641 solent
617 1566 748 1639 amieos
765 1568 902 1653 metiri,
928 1590 1010 1665 quae
1027 1568 1168 1664 quidem
1183 1572 1277 1644 nulla
1290 1593 1445 1665 uuquam

238 1664 309 1739 tibi
326 1684 370 1736 ex
388 1686 443 1751 me
463 1640 530 1735 else
545 1662 691 1757 poterit.
741 1661 790 1734 At
808 1661 887 1737 crim
911 1682 946 1737 te
966 1665 1003 1737 in
1019 1690 1135 1739 rerum
1150 1666 1320 1741 bonarum
1340 1669 1445 1741 mala·

237 1780 388 1854 rumque
407 1756 604 1831 discrimine
623 1780 751 1853 magno
774 1758 908 1853 judicio
925 1760 1089 1855 praestare
1115 1759 1251 1857 semper
1265 1784 1445 1859 cognove-

238 1857 327 1929 rim:
351 1855 440 1928 nihil
463 1877 610 1937 vereor,
636 1875 680 1926 ne
707 1856 862 1950 vulgaris
887 1856 947 1929 ille
971 1859 1155 1933 hominum
1179 1855 1346 1945 affeslur,
1380 1882 1444 1933 no·

239 1952 345 2025 stram
360 1946 629 2024 familiaritatem
650 1949 862 2045 corrumpat.
911 1952 1065 2027 Abunde
1079 1976 1225 2063 magnus
1242 1956 1291 2030 est
1305 1952 1440 2032 frurtm

238 2044 315 2142 ipsa
333 2044 583 2131 s1biamicitia,
609 2067 650 2119 ac
673 2068 712 2119 ea
729 2048 815 2119 mihi
828 2044 962 2143 semper
980 2074 1078 2126 mens
1097 2049 1183 2137 furt,
1208 2071 1247 2125 ut
1264 2076 1310 2125 ex
1327 2076 1442 2126 recor·

243 2142 387 2217 datione
412 2143 600 2216 amicorum
626 2164 786 2236 magnam
813 2146 1007 2239 acciperem
1034 2144 1325 2236 consolationem,
1352 2171 1441 2243 prae·

238 2236 359 2313 sertim
381 2236 408 2311 si
433 2260 555 2312 mutua
575 2238 725 2313 charitas
752 2258 868 2313 ortum
892 2238 990 2313 suum
1022 2244 1067 2315 ab
1083 2243 1128 2314 iir
1149 2242 1255 2315 initiir
1278 2244 1441 2334 duxerit,

242 2356 326 2429 quae
340 2358 405 2409 nos
445 2335 871 2502 rincipiocopjunxerunt.
908 2336 1020 2409 'Nam
1033 2340 1266 2410 tuum-multis
1281 2340 1318 2409 in
1339 2340 1443 2415 rebus

242 2454 328 2527 erga
342 2454 398 2505 me
471 2430 567 2503 dium
594 2452 658 2526 per
674 2431 779 2525 pexi,
803 2434 860 2505 cui
887 2432 1024 2507 accessit
1050 2431 1267 2506 consuetudo
1292 2436 1445 2529 primunr

239 2524 452 2613 familiaris,
476 2522 557 2621 post
581 2528 684 2599 etiam
712 2526 926 2613 domestica,
960 2550 1064 2623 quam
1090 2526 1220 2601 summa
1249 2534 1442 2605 animorum

243 2618 422 2695 consensio
444 2618 713 2715 jucundiffimam
737 2620 838 2695 nobis
856 2624 1027 2709 reddidit,
1052 2641 1161 2701 utute
1184 2649 1279 2700 nunc
1296 2624 1369 2721 ipsa
1386 2630 1445 2703 ad·

242 2716 319 2791 huc
351 2718 516 2791 memoria
553 2738 626 2792 uon
661 2718 888 2795 mediocriter
924 2720 1097 2806 oblectet,
1131 2746 1211 2817 quae
1235 2746 1306 2796 non
1335 2725 1444 2801 modo

242 2814 314 2889 tuis
335 2813 448 2887 literis
475 2834 640 2889 renovata
667 2813 743 2905 est,
775 2814 834 2890 sed
858 2814 920 2891 sua
942 2817 1045 2891 etiam
1072 2818 1197 2915 sponte
1223 2820 1338 2894 animo
1362 2843 1443 2896 meo

242 2908 373 2983 crebro
401 2912 559 2985 recurrit.
610 2910 723 2985 Miror
748 2914 836 2987 verd
863 2908 945 2989 site
965 2914 1081 2990 adhuc
1112 2914 1295 2991 Patavium
1316 2918 1442 2993 habet:
1661 2994 1665 3003 ,

243 3003 307 3078 nisi
323 3030 413 3079 unus
437 3004 531 3081 sorte
555 3008 707 3081 Lazarus
731 3010 754 3059 ὓ
777 3010 865 3083 tanti
887 3010 952 3083 tibi
976 3012 1048 3099 est,
1073 3014 1181 3107 quem
1208 3036 1276 3107 ego
1299 3013 1445 3108 quidem
1480 3036 1613 3100 *Bona-

242 3124 418 3199 nunquam
444 3101 657 3200 coutempfi:
691 3100 751 3179 sed
778 3124 813 3181 te
836 3125 950 3179 tamen
973 3109 1090 3181 malim
1117 3109 1153 3183 in
1170 3108 1446 3204 Jurisprudentia
1479 3123 1584 3178 mrem.

242 3200 411 3273 idoneum
430 3196 551 3276 settara
573 3200 779 3295 magistrum.
831 3200 924 3275 Nam
945 3203 981 3276 in
1007 3202 1116 3278 literir
1144 3206 1194 3277 ita
1218 3204 1304 3277 mihi
1328 3202 1447 3299 prose·

242 3290 324 3369 cisse
339 3298 493 3386 videris,
519 3316 557 3370 ut
575 3294 648 3392 ipse
666 3297 731 3369 tibi
757 3297 923 3393 deinceps
941 3298 1099 3393 magister
1117 3291 1185 3371 esse
1203 3297 1316 3393 possis.
1366 3298 1448 3377 Nec

244 3393 349 3465 Cicero
371 3392 429 3463 ille
447 3412 529 3467 tuus
544 3392 581 3463 in
601 3416 674 3488 quo
687 3416 855 3468 exercere
874 3412 909 3466 te
927 3391 1039 3478 soleae
1062 3395 1111 3467 ita
1128 3392 1294 3467 obscurus
1310 3390 1380 3483 est,
1405 3416 1445 3471 ut

243 3486 312 3559 tibi
326 3509 368 3560 eo
393 3486 641 3586 intelligendo,
664 3490 854 3586 interprete
872 3484 914 3561 sit
940 3510 1042 3585 opus.
1091 3488 1254 3564 Imitandi
1269 3514 1356 3564 vero
1376 3490 1444 3565 stu-

247 3582 377 3666 dium,
417 3604 487 3657 non
519 3605 588 3659 tam
615 3583 864 3661 auscultatione
889 3581 993 3683 quim
1018 3584 1234 3682 scriptione,
1267 3591 1447 3682 multaque

243 3680 563 3843 commenpatione,
580 3704 657 3846 pua
674 3682 842 3775 optimam
864 3680 1038 3777 quandam
1062 3678 1207 3758 formam
1232 3682 1341 3779 stylus
1359 3686 1446 3757 reci·

244 3794 320 3943 pit,
347 3796 411 3869 per
439 3792 539 3845 crtur.

597 3775 764 3941 tp'usmodi
778 3780 864 3851 verti
882 3779 1107 3853 imitationem
1127 3802 1303 3876 nunquam
1320 3800 1447 3871 reprae·
1553 3867 1556 3874 ,

272 3869 379 3956 endi,
404 3891 567 3945 neceam
621 3894 737 3945 amnat
766 3872 928 3965 Erasmus.
977 3874 1028 3947 Et
1053 3875 1128 3971 ipse
1149 3898 1220 3947 non
1247 3874 1445 3949 recusassem

248 3990 391 4063 operam
415 3966 513 4039 ineo
534 3966 734 4061 diligentem
753 3991 905 4059 ponere,
929 3970 990 4045 nili
1006 3972 1106 4057 aliis,
1130 3996 1184 4044 me
1201 3970 1357 4057 Hercle,
1377 3973 1446 4046 stu·

250 4066 315 4136 diis
337 4084 530 4157 occupatus
546 4058 682 4157 semper
696 4060 841 4135 fuissem.
891 4062 1001 4159 Papia
1018 4067 1084 4139 tibi
1101 4070 1143 4143 ad
1161 4066 1374 4142 scribendum
1399 4068 1445 4141 sa·

252 4160 297 4231 tie
322 4160 518 4254 argumenti
539 4156 764 4255 suppeditare
785 4160 910 4255 potest.
959 4162 1111 4247 Proinde
1134 4162 1159 4239 li
1182 4186 1311 4239 memor
1333 4167 1447 4239 adhuc

254 4280 289 4327 ee
316 4256 439 4337 nostri,
468 4252 504 4328 δι
530 4252 554 4327 si
580 4256 666 4329 illuc
691 4256 893 4340 adveneris,
926 4257 1043 4354 quaeso
1064 4282 1104 4333 ut
1132 4262 1319 4356 intelligam
1348 4288 1390 4332 ex
1412 4280 1446 4329 te

254 4373 316 4438 ea,
340 4373 414 4445 quae
432 4374 485 4427 me
500 4348 585 4429 scire
601 4355 695 4428 velle
712 4352 918 4523 cognovpdl
968 4354 1110 4431 Hadrris
1135 4359 1154 4451 i
1179 4362 1248 4435 mel
1267 4355 1449 4523 εοῃῖυειὲζ
1481 4335 1605 4479 ζὲξῑ·
