3967 5167
351 502 545 600 error.
576 497 883 597 salucra
911 527 978 595 ln
1007 481 1343 603 orvansoo
1396 538 1449 621 31
1585 634 1591 641 ‚

254 726 332 779 rum
342 698 585 797 conJ'ontiione
602 694 910 777 constabiliremut.
938 700 1201 797 -Sperotamen
1216 703 1314 792 fore,·
1339 706 1377 781 u
1389 728 1448 800 tu,

254 798 441 873 Clarilstme
460 794 616 881 Dodor,
633 798 677 871 da
685 818 827 891 operam
845 816 1012 892 quantum
1029 821 1154 892 potes,
1177 804 1448 898 qudaliquando

249 896 287 967 in
303 892 492 967 Germania
512 914 548 967 te
561 891 723 979 videam,
749 894 787 967 &
800 893 942 967 ulterius
955 914 1018 969 tuo
1033 892 1130 966 fruar
1142 898 1316 970 convitio.
1367 898 1446 974 Scia

249 1009 364 1065 autem
387 992 476 1063 nihil
491 1013 546 1063 me
566 991 676 1081 magis
695 988 730 1059 iu
758 992 852 1063 votis
877 990 1023 1075 habere,
1048 990 1152 1083 quarn
1180 1010 1220 1061 ut
1247 990 1367 1085 poffim
1387 994 1452 1087 Ju.

248 1084 491 1179 risprudentiae
515 1086 638 1157 nostra
659 1082 792 1169 studia,
818 1084 867 1155 ibi
889 1088 989 1159 nimis
1010 1086 1188 1181 jacentia,
1204 1110 1271 1181 pro
1299 1111 1375 1162 mea
1391 1093 1444 1164 vi·

247 1181 308 1263 rili
325 1183 494 1257 attollere.
545 1180 719 1275 Quaeres
754 1202 923 1275 quantum
960 1183 1046 1253 mihi
1076 1202 1172 1253 curae
1196 1179 1312 1270 ellet,
1346 1188 1445 1261 volui

96 1328 102 1335 -
246 1276 390 1353 abeunti
415 1275 481 1348 tibi
499 1278 655 1371 apertius
671 1276 856 1349 declarare.
905 1276 1040 1373 Accipe
1071 1278 1179 1371 igitur
1210 1280 1362 1370 primum
1378 1280 1442 1354 foe·
1471 1354 1478 1364 ,

246 1376 323 1447 t'utn
342 1372 474 1469 ingenii
501 1394 521 1445 a
548 1393 583 1445 te
604 1371 745 1445 formati
775 1372 971 1447 &eruditi
1023 1368 1196 1444 Constitui
1227 1394 1344 1447 autent
1371 1379 1442 1451 hoc

142 1500 148 1507 ·
244 1468 652 1563 argumentumplenius
675 1468 838 1553 tratiare,
855 1490 934 1539 narn
956 1491 1038 1563 quae
1052 1468 1172 1553 vides,
1195 1476 1439 1554 tantummodo

242 1563 417 1657 praeludia
440 1562 693 1661 quaedamsunt
716 1564 759 1637 ad
778 1562 1000 1657 Jurisconfitltt'
1014 1560 1234 1657 institutionem
1261 1562 1336 1657 (4)
1365 1570 1438 1663 pri·

241 1681 300 1741 ma
315 1659 425 1731 solum
440 1680 545 1731 manu
560 1658 675 1732 adhuc
694 1660 883 1745 delineata,
897 1682 977 1754 quae
991 1656 1074 1753 pdll
1082 1658 1304 1754 diligentiore
1322 1658 1437 1737 studio

161 1768 166 1779 ·
240 1776 309 1850 per
330 1757 440 1837 otium
457 1755 669 1830 excolentur.
696 1752 758 1825 Est
777 1775 891 1833 autem
910 1756 971 1827 hlc
990 1755 1130 1829 libellus
1153 1755 1328 1850 praecipiti
1346 1775 1436 1851 qno-

241 1873 312 1944 que
334 1872 443 1946 opera
459 1850 657 1943 excipiente
676 1848 954 1943 Hermanno-meo
970 1872 991 1923 a
1006 1872 1062 1921 me
1079 1848 1249 1935 dittnus,
1274 1853 1312 1925 δι
1325 1872 1433 1947 quan-

97 2026 102 2031 „
267 1970 345 2019 uam
370 1944 505 2019 mendis
521 1968 597 2019 earn
615 1944 743 2019 scatere
758 1943 874 2019 adhuc
891 1945 1018 2035 sciam,
1040 1964 1158 2033 tamen
1173 1947 1267 2039 apud
1290 1968 1325 2019 te
1347 1951 1435 2024 nihil

240 1969 315 2113 dum
340 2043 487 2136 ineptire
518 2044 669 2135 veritus,
694 2038 784 2121 soles
801 2064 947 2137 namque
964 2061 1004 2117 tu
1029 2042 1131 2137 nugis
1155 2042 1240 2114 meis
1267 2042 1434 2138 benignas

240 2136 325 2209 dare
349 2161 457 2211 aures.
507 2134 659 2233 Releges
678 2160 793 2211 autem
805 2188 817 2223 ,
842 2133 881 2209 dt
904 2135 994 2233 ipse,
1020 2160 1103 2232 quae
1126 2140 1185 2211 vel
1204 2140 1432 2233 corrigenda,

88 2208 90 2219 ¹
237 2232 297 2305 vel
315 2235 494 2318 addenda,
520 2236 580 2305 vel
598 2232 779 2306 resecanda
806 2233 967 2328 putabis,
991 2230 1165 2327 suggeret.
1201 2232 1284 2305 Tali
1305 2258 1430 2332 nempe
1531 2242 1534 2248 '

234 2326 341 2401 Matio
367 2328 492 2421 Judlce
518 2326 589 2425 (5)
615 2329 799 2425 quodlibet
823 2326 987 2401 delitium
1011 2348 1147 2403 vertere
1173 2349 1313 2423 paratus
1340 2327 1428 2404 sum.

232 2420 312 2517 Ipse
328 2426 447 2509 etiarn,
473 2442 513 2497 ut
540 2425 634 2509 dixi,
667 2428 738 2497 hoc
778 2444 870 2517 opus
901 2422 947 2505 ad
977 2424 1139 2496 incudem
1165 2423 1364 2512 revocabo,
1389 2428 1429 2501 dt

88 2596 89 2605 .
233 2520 410 2613 reliquum
434 2516 600 2615 perficere
624 2510 814 2590 maturabo.
865 2516 966 2591 Hinc
995 2521 1044 2591 ita
1069 2539 1114 2588 ue
1140 2519 1291 2590 animum
1313 2540 1429 2594 meum

88 3368 89 3397 ³
178 3452 182 3460 ,
225 3400 340 3470 nuper
356 3379 499 3471 Joannes

96 4056 99 4059 -
221 4012 288 4097 q'uo
306 4015 377 4083 solo
394 4016 470 4095 hlc,
490 4017 721 4083 interlocutor
743 4016 791 4083 est
808 4016 890 4104 nupt
902 4026 965 4095 tus,
988 4020 1086 4101 cujus
1102 4019 1137 4081 iu
1162 4036 1206 4084 eo

233 2614 426 2711 intelliges,
452 2632 585 2709 quanto
603 2614 769 2687 videlicet
796 2612 909 2685 studio
938 2636 980 2687 ac
1058 2610 1136 2684 edlu
1170 2610 1281 2686 studia
1307 2616 1431 2691 isthaec

232 2706 416 2789 florescere
432 2711 582 2804 cupiam.
609 2706 759 2796 Quoties
775 2729 908 2796 autem,
927 2708 1113 2786 Clarilstme
1130 2706 1292 2797 Dottor,
1319 2712 1427 2805 Vigilo

232 2822 269 2879 te
294 2802 468 2881 obledlare
494 2806 617 2891 voles,
650 2806 744 2878 hunc
767 2804 921 2876 libellum
948 2805 1108 2877 manibus
1125 2803 1298 2877 versabit:
1325 2803 1425 2881 Nolo

231 2920 348 2976 autem
376 2920 416 2975 ut
439 2902 611 2983 muneris,
644 2897 702 2978 sed
734 2898 949 2972 monumenti
981 2902 1049 2973 mci
1074 2900 1164 2973 loco
1181 2899 1329 2983 habeas,
1355 2903 1424 2975 alia

229 2997 323 3069 eninr
347 3000 480 3070 ratione
505 2993 557 3090 (fi
583 2994 682 3068 Deus
707 2996 832 3087 volet)
855 3012 955 3067 tuum
983 3019 1031 3068 aes
1054 2993 1233 3068 diffolvam
1255 3050 1266 3084 ‚
1291 2996 1425 3069 benefi-

228 3094 423 3187 centiaeque
445 3114 516 3163 non
543 3090 649 3167 modo
667 3114 760 3185 tuae,
786 3114 908 3183 verum
927 3092 1029 3189 ptiam
1055 3089 1324 3165 adolescentium
1344 3111 1422 3165 tuo·

228 3208 311 3258 rum·
338 3190 481 3283 optirnae
509 3186 620 3261 indoli
649 3189 686 3262 &
717 3185 791 3281 spei
815 3184 1023 3279 respondere
1047 3188 1226 3260 conabor:
1253 3187 1419 3277 Quorum

226 3278 306 3355 sane
322 3284 471 3377 plurima
488 3306 525 3355 er
549 3304 568 3355 a
588 3282 647 3355 me*
663 3282 829 3358 &officia
850 3280 887 3353 &
910 3278 1078 3354 beneficia
1102 3302 1232 3357 extant.
1266 3281 1362 3354 Nam
1380 3282 1419 3355 &

521 3309 613 3450 §aun
635 3395 743 3450 artnct
763 3378 970 3473 sphaericum
989 3378 1157 3448 annulum
1169 3376 1268 3449 dedit
1281 3379 1318 3451 dt
1331 3398 1418 3449 auro

223 3470 435 3565 pretiosum,
468 3473 505 3547 &
536 3402 684 3563 arddclo
709 3472 971 3560 admirabilem,
1006 3472 1044 3545 &
1072 3471 1151 3544 talis
1188 3470 1417 3546 adolescentis

223 3567 376 3641 amicitiai
392 3582 435 3641 eo¹
456 3570 539 3643 milri
552 3569 808 3665 oppignoratd,
833 3570 938 3664 longe
963 3566 1194 3662 gratillimum.
1219 3564 1334 3641 leix
1357 3590 1417 3639 au·

1344 3681 1416 3733 tem

88 3920 89 3927 Ν
247 3848 335 3945 ,(4)·
348 3846 563 3933 Jurrsconsun
585 3827 814 3948 tanseat-om]
838 3850 894 3919 an
911 3852 1033 3948 eltutus
1047 3850 1174 3947 utem,
1197 3827 1440 3947 tepent:

139 3966 144 3975 ·
221 3930 282 4000 dit.
323 3934 412 3999 Sunt
431 3948 547 3999 autent
559 3932 705 4018 dialogi,
727 3934 785 3999 sen
801 3935 961 4081 isagoprci
977 3935 1067 4002 lrbrr.
1109 3934 1207 4000 Librr
1221 3936 1343 4081 primi,
1364 3936 1410 4003 de

220 4098 346 4177 refert,
373 4101 427 4165 uti
453 4101 571 4167 lcribit
602 4100 646 4167 ad
682 4098 833 4165 Hoionem
868 4098 1079 4165 Hermonmtm
1111 4106 1161 4167 16.
1188 4032 1410 4185 Sepdtegtdds.

88 4168 90 4223 ἱ
219 4184 354 4260 quando
373 4184 522 4269 reliquos
539 4184 695 4249 nondum
711 4184 919 4266 perfecerat.
942 4180 1024 4250 Turn.
1046 4182 1093 4249 ΙΙ.
1108 4200 1144 4267 p.
1167 4188 1241 4267 376.
1347 4210 1357 4235 ⁴

258 4264 321 4347 (5)
342 4266 437 4331 Metto
460 4268 558 4349 judice
599 4266 744 4337 ‚Mettus
777 4266 961 4341 Suffetius,
986 4265 1201 4335 Albanorum
1228 4264 1405 4343 Dictator,

217 4354 372 4432 tempore
387 4350 484 4421 Tulli
506 4266 858 4437 redsaomanorum.
902 4350 977 4462 Cor.
1000 4349 1102 4435 Sttpl.
1121 4356 1153 4419 t'n
1171 4351 1258 4425 Dio.
1278 4347 1363 4433 Hiji.
