3967 5167
546 550 626 655 190
654 518 891 625 VIGLH
919 536 986 611 Aa
1015 517 1280 623 AYTTA
1314 516 1689 633 ZUICHEMI

545 698 630 775 dum
647 696 697 773 rei
713 694 865 781 Medicae
880 694 1028 771 studium
1043 692 1147 769 fueris
1158 694 1338 790 amplexus
1346 744 1359 783 ,
1376 713 1481 790 atque
1498 718 1542 789 ex
1561 720 1605 778 eo
1614 694 1750 789 fututa

543 790 657 865 etatis
673 811 901 875 ,commeatum
914 792 1134 874 atriaticum
1168 811 1296 877 ueras,
1315 790 1749 885 cogitandumtibiestmt

547 884 683 958 mature
699 910 739 957 ea
762 909 840 977 quae
858 886 1025 971 didicisti,
1050 886 1093 957 ad
1117 814 1213 956 11er
1235 884 1457 958 commodare
1484 888 1645 981 incipias.
1692 882 1749 963 Εἰ

549 1002 590 1052 ut
604 1003 666 1052 nos
682 984 716 1051 in
733 980 816 1052 ioris
836 1002 876 1052 ac
897 980 1123 1053 tribunalibus
1146 983 1261 1074 legum
1280 976 1471 1053 nostrarum
1486 984 1622 1075 praxim
1636 979 1746 1057 disee·

463 1124 465 1129 ,
550 1098 588 1147 re
618 1096 786 1168 oportet,
819 1073 866 1147 iic
889 1096 954 1147 vos
986 1076 1119 1149 habetis
1142 1075 1458 1169 apothecarium
1482 1074 1652 1149 taburnar.
1700 1076 1749 1151 In

547 1169 676 1255 Italia,
709 1172 770 1266 qui
803 1168 987 1242 Medicinae
1018 1169 1129 1242 studia
1155 1192 1268 1265 prope
1294 1170 1338 1244 ad
1367 1166 1503 1243 'metam
1525 1170 1747 1265 perduxere,

550 1267 713 1357 majorem
732 1265 801 1337 diei
814 1284 947 1360 partem
970 1262 1141 1337 affumuut
1159 1266 1197 1337 in
1210 1261 1412 1341 auertendis
1428 1264 1646 1341 notioribus
1661 1291 1748 1343 cum

549 1358 679 1455 quibus
702 1362 743 1431 ad
763 1360 1094 1433 valetudinariorum
1114 1356 1236 1432 domos
1255 1360 1481 1433 circumeunt
1530 1358 1580 1433 Et
1595 1362 1666 1437 hoc
1681 1364 1748 1435 sibi

550 1456 676 1526 honori
697 1454 830 1527 ducunt
852 1453 1055 1539 notiores,
1088 1478 1200 1549 neque
1222 1476 1316 1549 aegre
1339 1453 1460 1527 ferunt
1479 1474 1509 1524 ae
1550 1456 1623 1543 oti,
1646 1454 1746 1552 quast
1883 1531 1888 1560 Ι

551 1552 618 1623 iilis
639 1548 800 1621 adhibitis
821 1544 966 1621 testibus
981 1553 1089 1643 major
1104 1551 1140 1619 iu
1159 1554 1314 1621 curando
1336 1549 1472 1621 Medici
1533 1566 1613 1623 tura
1626 1551 1668 1624 fit
1689 1554 1746 1623 di·

549 1643 699 1739 ligentia.
721 1642 829 1717 Certe
845 1645 990 1717 inomni
1008 1665 1079 1718 arte
1097 1644 1258 1718 nonleve
1272 1666 1487 1723 momentum
1504 1642 1626 1728 habet,
1645 1639 1745 1741 qu'od

550 1742 629 1834 quis
647 1761 752 1811 unum
775 1742 820 1810 ali
848 1761 927 1812 uem
947 1735 1135 1809 Dodtorem
1161 1738 1311 1831 deligat,
1334 1761 1436 1832 quem
1456 1741 1659 1827 comitetur,
1681 1764 1747 1814 eu·
1887 1817 1888 1824 χ

544 1838 603 1929 jur
621 1835 754 1928 praxim
771 1763 933 1909 observet
943 1882 954 1919 ,
980 1834 1217 1939 paulatimque
1233 1831 1304 1927 ipse
1324 1853 1404 1939 qua
1423 1834 1550 1909 didicit
1565 1834 1660 1929 quast
1677 1838 1745 1909 iiio
1885 1837 1889 1901 J

548 1928 655 2021 Duce
679 1929 904 2019 minoratum
927 1927 1083 2023 periculo
1103 1924 1267 2018 conferte
1287 1928 1443 2021 iuoiptar.
1491 1925 1549 2003 Ea
1562 1952 1639 2002 mea
1654 1954 1745 2025 quo·

548 2024 671 2119 quein
691 2020 771 2114 lure
788 2022 955 2111 discendo
975 2018 1189 2095 consuetudo
1205 2018 1295 2113 fuit,
1314 2016 1399 2095 oum
1424 2022 1481 2114 egi
1497 2024 1533 2096 in
1556 2021 1673 2099 Gallia
1690 2046 1746 2099 at-

540 2142 620 2213 ,que
635 2118 754 2207 italia,
778 2121 952 2211 multaque
973 2112 1021 2189 fic
1044 2115 1177 2200 didici,
1200 2140 1281 2211 quae
1309 2138 1352 2211 ert
1369 2115 1466 2192 libris
1484 2109 1560 2191 ferd
1579 2110 1746 2215 equidem

539 2212 733 2309 ,percipere
746 2212 969 2307 potuissem
990 2203 1172 2288 uterini
1194 2208 1266 2296 fere
1289 2208 1490 2305 quartumvir
1512 2214 1637 2285 artium
1659 2214 1746 2289 Ma·

547 2308 645 2403 gistri
666 2308 825 2403 quaedam
844 2305 938 2402 quau
955 2303 1014 2381 sua
1038 2304 1076 2379 δι
1094 2301 1241 2405 propria
1261 2304 1410 2394 habent,
1434 2328 1514 2401 qute
1529 2303 1592 2401 ipii
1608 2306 1749 2404 scilicet

539 2386 789 2569 feugerientia,
812 2402 1010 2495 crebroque
1034 2396 1097 2473 usu
1120 2402 1345 2495 comprobata
1360 2424 1469 2569 Ἧι
1492 2424 1583 2477 certa
1601 2404 1638 2483 dt
1653 2427 1745 2477 uera

546 2496 588 2592 ju
616 2499 717 2595 'eant
766 2497 952 2592 Non'puto
964 2492 1085 2569 defore
1094 2492 1315 2587 ¹tibieaudem
1329 2519 1394 2570 occ
1441 2519 1541 2569 onem
1558 2494 1766 2585 Colomae„

550 2612 685 2665 tantum
704 2616 745 2665 ea
762 2596 798 2665 in
815 2593 1014 2681 revidere
1032 2592 1116 2687 quid
1135 2610 1170 2665 te
1192 2583 1342 2659 Aurana
1367 2610 1580 2667 remoretur:
1603 2614 1647 2668 ac
1669 2614 1745 2667 rue·

554 2707 670 2760 mento
696 2687 789 2783 ejus,
815 2688 911 2782 quod
937 2686 1088 2760 arbitror
1108 2686 1316 2761 Plutarchum
1337 2684 1486 2779 scribere
1510 2688 1556 2763 de
1579 2688 1746 2785 uinea,

1681 2786 1747 2879 qui

549 3005 624 3073 vque
649 2986 858 3058 abstulerint.
879 3003 914 3070 p.
942 3002 1018 3067 250.
1045 3004 1120 3068 ²51·
1147 2985 1378 3059 Nmilomious
1399 3007 1420 3061 a
1439 2988 1638 3065 muneribus
1657 2987 1748 3055 sem·

540 3090 622 3155 ,per
642 3090 722 3137 eum
742 3068 1038 3155 abhorruiffecom
1085 3072 1131 3145 ri,
1154 3071 1192 3138 dr
1207 3071 1371 3153 singulare
1386 3069 1462 3157 est,
1479 3070 1572 3152 quod
1594 3070 1637 3137 ad
1654 3070 1746 3155 Hyp·

546 3154 679 3239 patirum
695 3150 845 3233 Perseum
863 3148 996 3217 senatus
1052 3153 1231 3217 ltra'estiui
1244 3150 1418 3234 praesrdem
1438 3170 1529 3216 anno
1551 3170 1643 3235 1557.
1660 3152 1747 3219 scri·

541 3220 640 3321 ¹psrt':
659 3236 782 3300 Donum
803 3234 882 3316 quod
906 3234 1018 3313 offers,
1047 3172 1179 3318 quodque
1206 3246 1352 3317 tantopere
1380 3256 1416 3298 ne
1438 3233 1577 3319 aspernor
1599 3236 1750 3317 flagitat,

556 3338 608 3383 mo
628 3336 698 3381 num
715 3318 787 3393 milri
805 3314 933 3395 osritndit
945 3313 1112 3397 puttam,
1132 3336 1190 3380 non
1214 3315 1275 3381 ideo
1294 3330 1413 3393 tontum
1436 3316 1515 3399 quod
1528 3318 1602 3381 niutt
1615 3323 1676 3381 tale
1691 3319 1750 3383 abs

558 3417 586 3467 te
597 3339 658 3483 sim
670 3406 810 3473 meritur,
825 3396 879 3480 sed
897 3397 976 3481 quod
989 3398 1213 3480 ingratitudinis
1225 3397 1333 3461 riorum
1349 3398 1562 3471 contraherem,
1583 3407 1634 3481 qui
1653 3399 1686 3463 id
1694 3400 1750 3483 se·

558 3498 668 3547 cretum
685 3481 889 3564 eruptionisque
911 3484 997 3543 tituto
1017 3480 1186 3546 obvelatum
1199 3476 1398 3564 susciperem,
1424 3480 1510 3562 profi
1530 3495 1614 3543 tunm
1634 3480 1750 3547 libero·

540 3568 675 3647 „litatem
690 3563 829 3648 profiteri
847 3582 906 3625 non
925 3558 1025 3645 ausus.
1067 3562 1154 3627 Certe
1162 3561 1382 3643 simulationem
1395 3568 1512 3630 animur
1524 3580 1604 3626 meur
1617 3584 1676 3627 non
1690 3564 1751 3628 ad-

559 3656 681 3725 mittit,
709 3664 757 3711 nec
787 3665 820 3707 eo
850 3652 926 3707 inter
944 3660 998 3707 nor
1015 3660 1086 3727 opus
1106 3643 1155 3726 esi.
1184 3642 1270 3726 Quis
1290 3651 1366 3707 enirn
1386 3664 1439 3707 not
1457 3644 1622 3725 deprecato
1643 3647 1752 3710 redar-

540 3740 648 3817 'guet·,
681 3728 765 3799 irtel
784 3743 816 3789 tu
834 3726 998 3810 quidquam
1021 3728 1093 3789 mibi
1121 3724 1296 3800 donaverit,
1318 3725 1373 3791 uei
1390 3746 1440 3808 ego
1459 3727 1511 3789 abs
1532 3742 1560 3789 te
1578 3734 1751 3811 occeperint.

560 3814 630 3898 Quo
672 3832 691 3881 e,
704 3808 930 3893 cartsopuoque
941 3808 1121 3873 venditionis
1150 3808 1299 3871 rheumam
1318 3806 1360 3871 ad
1379 3823 1408 3870 rc
1426 3815 1559 3873 remitto..
1593 3808 1686 3873 Porro
1698 3832 1753 3877 nec

560 3898 724 3963 donationis
741 3893 862 3957 timitem
882 3904 971 3955 antea
990 3906 1018 3953 te
1037 3908 1113 3975 expe
1139 3897 1177 3954 ’re
1194 3892 1288 3955 veiim
1303 3933 1313 3962 ,
1325 3907 1432 4036 thaom
1447 3896 1573 3975 partitio
1592 3913 1656 3955 cunr
1676 3896 1756 3961 De.

559 3980 705 4045 kamano
721 3974 987 4061 sitirit‘peraiia',
1013 3992 1049 4038 aa
1075 3992 1123 4055 ego
1145 3970 1305 4059 otiquando
1351 3971 1452 4055 risam
1472 3978 1541 4038 invi
1554 3988 1620 4048 aar,
1642 3994 1757 4057 cogno-

560 4079 658 4135 uere,
675 4058 816 4144 prediolo
835 4076 897 4119 tneo
917 4055 1112 4121 Zaithernono
1132 4074 1196 4119 earn
1214 4072 1326 4118 terram
1340 4074 1431 4138 quam
1450 4054 1497 4121 D.
1512 4126 1519 4135 ,
1542 4105 1555 4127 ,.
1568 4056 1675 4121 donare
1691 4066 1780 4125 rai·-

559 4143 591 4207 bi
610 4142 752 4223 instituit,
772 4138 825 4222 effe
844 4136 1066 4205 accommodum.
1109 4136 1197 4202 Tanti
1207 4157 1263 4223 per
1280 4142 1374 4219 igitur
1396 4134 1491 4221 queso
1506 4128 1640 4220 ciseium
1653 4141 1758 4222 ,antas

540 4224 745 4305 ‚liberalitatis
767 4238 826 4297 tuce
844 4220 997 4307 suspende.
1028 4220 1080 4302 ‘Et
1099 4239 1149 4299 ego
1191 4239 1245 4285 one
1256 4264 1267 4295 ,
1291 4220 1406 4301 etiamfi
1423 4227 1450 4283 ir
1468 4240 1632 4305 numquam
1651 4224 1755 4307 ronse-

557 4321 688 4395 quamr,
708 4322 766 4371 non
785 4311 884 4371 minus
904 4318 1003 4369 tamen
1021 4320 1068 4369 me
1086 4301 1140 4369 tibi
1192 4304 1255 4369 iere
1268 4301 1440 4385 agnoscam.
1470 4304 1759 4391 Tom.4.p.189.
