3967 5167
369 490 560 587 uulsa.
592 490 896 586 sennenn
923 516 987 582 m
1016 422 1345 590 urvunsos.
1386 523 1468 612 237

262 690 320 763 uti
342 693 380 763 in
404 690 665 765 Reformatione
691 688 846 786 Spirensi
870 712 960 763 anno
982 710 1083 780 1531.
1115 688 1243 785 legitur
1252 716 1264 773 ;
1298 689 1353 763 sed
1378 697 1465 768 nihil

260 783 430 859 effectum
446 788 503 860 est.
556 786 667 881 Quod
689 784 713 857 ss
741 784 812 858 istis
833 785 978 859 Latinos
996 788 1131 878 aliquos
1146 784 1318 879 prasiicoe
1334 790 1463 866 addere

258 882 437 965 volueris,
465 904 568 954 nemo
589 881 638 955 est
658 883 852 973 Speculatori
871 904 944 976 prae
970 882 1139 953 onendus.
1187 879 1270 954 Post
1286 885 1379 957 hunc
1393 885 1461 959 Fo-

256 974 353 1049 renst
368 978 445 1051 usui
464 978 613 1051 maxime
631 978 797 1051 convenit
813 904 983 1070 sapiens}
1034 974 1124 1047 lllud
1142 998 1311 1070 praeterea
1325 982 1360 1050 in
1370 1001 1460 1074 prae-
1580 1031 1583 1035 -

254 1067 395 1165 scripta
419 1072 690 1147 Ordinationum
721 1071 913 1167 digestione
943 1096 1091 1156 moneo,
1116 1086 1155 1143 ut
1182 1074 1347 1167 quicquid
1375 1076 1458 1146 alibi
1665 1079 1671 1092 “

103 1152 105 1163 ’
252 1166 425 1261 legeris,
460 1174 554 1261 quod
593 1172 635 1241 ad
674 1192 788 1240 earum
817 1168 1116 1241 confirmationem
1145 1168 1458 1245 declarationemve

252 1266 440 1356 pertinere
457 1262 610 1346 senseris,
637 1264 673 1335 id
691 1264 789 1335 isthic
811 1284 977 1349 annotes,
1004 1260 1222 1356 &quosdam
1244 1266 1342 1335 velut
1365 1287 1458 1337 com-

253 1364 452 1431 mentarius
472 1364 516 1431 ad
535 1358 782 1431 Ordinationes
805 1360 967 1453 colliges,
995 1360 1038 1431 ad
1062 1380 1151 1451 quos
1177 1361 1457 1455 quandocunque

253 1450 344 1525 usus
372 1454 507 1536 tulerit,
546 1478 711 1527 recurras.
762 1452 801 1523 Si
838 1456 922 1547 quid
952 1476 1039 1526 vero
1066 1454 1228 1525 inciderit
1257 1454 1456 1540 obscurius,

103 1586 104 1591 =
251 1570 323 1621 aut
345 1548 439 1619 unde
464 1571 500 1621 tu
521 1570 556 1622 te
573 1550 741 1621 extricare
758 1570 928 1642 nequeas,
952 1549 1073 1622 licebit
1091 1548 1156 1619 tibi
1182 1550 1262 1621 inde
1283 1550 1455 1622 scribendi

251 1643 303 1713 ad
323 1666 381 1715 me
399 1665 640 1739 argumentum
659 1645 831 1737 arripere,
844 1666 898 1717 me
914 1647 1001 1717 verti
1018 1644 1267 1730 candidiffime,
1284 1647 1456 1739 quicquid

251 1736 522 1821 desideraveris,
540 1739 636 1833 quod
667 1742 806 1833 quidem
825 1762 893 1833 ego
909 1737 1030 1823 sciam,
1051 1742 1383 1813 communicaturum
1400 1765 1453 1813 re·

128 1884 137 1913 .
248 1830 515 1928 soluturumque
532 1831 598 1905 else
609 1831 810 1929 cognosces.
836 1834 974 1907 Latinas
992 1838 1036 1907 ad
1055 1837 1133 1905 haec
1147 1837 1278 1907 litteras
1294 1839 1402 1908 nolim
1417 1856 1453 1908 te
1521 1920 1527 1927 ,

103 1954 104 2013 3
250 1931 459 2024 negligere3
476 1928 532 2003 sed
545 1928 677 2023 semper
688 1930 837 2024 aliquem
848 1932 1029 2003 authorem
1041 1929 1196 2003 manibus
1212 1927 1325 2003 verses
1336 1982 1347 2015 ,
1359 1934 1452 2003 unde

152 2038 154 2043 '
250 2027 449 2098 orationem
464 2026 718 2119 difflonemque
731 2022 935 2097 confirmate
950 2024 986 2097 ἃ
1000 2028 1157 2118 expolire
1170 2028 1298 2097 valeas.
1316 2027 1451 2099 Postre-

248 2119 350 2193 mum
366 2120 452 2192 illud
469 2138 503 2195 te
514 2142 598 2205 oro,
616 2119 816 2193 Charillime
827 2120 968 2212 Joarrrtrs
984 2122 1114 2213 Georgi,
1134 2142 1201 2213 pro
1214 2123 1325 2193 veteri
1335 2120 1450 2194 nostrai

162 2264 167 2283 .
247 2212 504 2299 familiaritate,
519 2238 558 2288 ut
575 2218 686 2289 aetatis
699 2237 770 2289 tuae
781 2217 1032 2301 maturitatem,
1050 2216 1087 2288 δι
1098 2212 1334 2287 sansiilsrmum
1350 2217 1449 2312 piillr·

247 2332 417 2405 mumque
442 2331 625 2407 parentum
649 2335 773 2385 vorum
792 2314 906 2385 animo
930 2331 1045 2383 tecum
1066 2312 1247 2392 revolvas,
1269 2313 1364 2385 acin
1382 2310 1448 2385 isto

248 2407 368 2503 virilis
385 2408 497 2481 aetatis
513 2403 677 2501 ingressu,
692 2406 1020 2501 Douorauquejam
1028 2402 1170 2478 baltheo
1178 2396 1448 2501 cingendumita

103 2522 104 2527 ’
245 2503 377 2585 vitam,
393 2524 528 2585 mores,
539 2502 715 2596 studiaque
730 2502 951 2575 tuainstituas
961 2551 972 2587 ‚
990 2519 1031 2571 ut
1039 2501 1181 2593 Vigsirrtn
1191 2521 1308 2585 tuum,
1326 2522 1445 2591 tuum,

243 2596 408 2691 inquam,
426 2598 568 2691 Viglr'um
579 2648 591 2682 ,
603 2600 665 2692 qui
677 2597 858 2691 plusquam
870 2596 1014 2693 paterni
1025 2613 1058 2668 te
1073 2594 1210 2689 semper
1221 2594 1444 2671 solicitudine
1497 2645 1501 2653 ·

243 2690 453 2786 prosecutus
475 2692 542 2777 est,
556 2713 609 2763 ac
636 2694 808 2765 honorum
828 2691 864 2764 &
888 2692 1041 2765 sortunae
1064 2711 1135 2763 tuae
1151 2691 1363 2766 incrementa
1384 2696 1442 2765 vel

245 2790 396 2881 proprio
412 2786 575 2880 sanguine
591 2790 758 2860 redimere
774 2810 892 2883 optet,
914 2790 1051 2861 tandem
1069 2785 1256 2880 aliquando
1279 2788 1438 2862 defiderii

243 2884 297 2953 sui
308 2898 507 2976 compotem
524 2880 669 2969 efficias,
687 2906 790 2978 atque
808 2885 901 2956 istam
919 2882 1127 2955 ariiissttnam
1143 2882 1438 2969 necessitudinem,

241 3000 322 3071 quae
337 2979 420 3049 mihi
431 3001 510 3051 cum
527 3000 667 3069 parente
680 3000 740 3051 tuo
756 2982 834 3051 viro
844 2978 1088 3073 integerrimo,
1107 2978 1167 3049 tuit
1177 2980 1380 3073 potissimum
1393 2984 1437 3053 de

242 3070 343 3147 causa
357 3096 493 3169 coeptn,
511 3071 849 3169 feliciterperdurat,
862 3076 1097 3167 diligentiae&
1114 3074 1283 3147 virtutum
1298 3095 1436 3147 tuarum

240 3170 367 3245 merito
381 3171 590 3243 stabiliorem
607 3170 740 3245 reddas.
771 3171 869 3244 Vale.
900 3168 1016 3264 Spirae
1035 3175 1068 3243 8.
1088 3168 1208 3241 Martii
1227 3190 1329 3259 1537.

439 3322 946 3416 EPISTOLA
1006 3320 1229 3419 XCIV.
1462 3345 1570 3406 mro

1461 3444 1509 3483 mo
1529 3384 1589 3489 lll.

255 3484 1316 3603 ‘PETROBAUSANQ
1459 3500 1580 3564 eo

1460 3580 1521 3639 vso.

239 3686 312 3787 De
335 3682 497 3775 Narrm'i
517 3684 573 3775 &³
600 3687 733 3775 Curtii
742 3682 1017 3793 stmulratr'bus
1042 3682 1088 3770 ob
1115 3683 1331 3792 versionem
1360 3682 1430 3771 In·
1473 3716 1575 3791 1537.

254 3798 257 3815 ²
281 3801 535 3913 stitutionem
568 3798 833 3903 Graecarum,
862 3826 970 3915 quae,
999 3824 1076 3912 quo
1104 3798 1216 3887 modo
1247 3798 1374 3910 conso·

597 3918 685 4025 piri
708 3911 845 4025 poffim
857 3974 870 4015 ,
901 3911 1073 4019 ostendit.

327 4057 430 4129 Annii
453 4054 490 4125 in
524 4052 666 4125 Curtium
701 4055 771 4141 (1)
807 4048 1019 4148 Apologiam
1045 4052 1116 4148 legi
1141 4072 1212 4124 non
1235 4048 1304 4126 fine
1328 4055 1432 4128 animi
1467 4098 1470 4103 -

349 4154 491 4235 dolore,
517 4150 605 4224 nihil
628 4148 721 4223 enim
740 4148 867 4245 aegrius
882 4144 980 4237 fero,
1007 4148 1110 4242 quun
1128 4148 1286 4224 hominen
1307 4153 1429 4319 d⁰ff⁰f

1339 4272 1359 4320 a
1384 4272 1428 4321 eo

103 4348 105 4363 .
195 4436 196 4440 Ἰ
278 4354 341 4441 (1)
365 4354 489 4425 Nomii
508 4358 541 4421 irr
563 4352 732 4438 Curtium]
756 4318 922 4531 DeGPgerrq
941 4348 1071 4419 Narratio
1091 4350 1128 4422 &
1146 4352 1280 4440 notgero
1299 4351 1429 4498 Regiiqe,
