3967 5167
290 486 481 627 usrsn
512 484 819 585 sennenn
845 490 937 583 An
964 434 1290 596 ntvnusos.
1331 531 1416 623 ³27

216 692 342 777 etiam,
368 711 414 763 ne
430 685 515 759 hinc
530 684 576 757 ad
592 686 681 762 alios
692 706 766 760 tam
782 708 889 781 grave
903 683 1104 763 incendium
1120 695 1413 789 progrederetur,

204 790 300 863 'totis
313 784 445 861 viribus
459 786 705 868 occurrimus,
727 804 772 857 ae
795 783 885 855 ultra
903 780 1012 855 octies
1031 809 1179 865 centena
1199 788 1427 878 florenorums

215 886 320 959 millia
345 884 382 953 in
398 878 700 971 Anabaptistiouns
716 878 828 951 isthoc
847 878 978 951 bellum
994 878 1241 979 infumpfimus.
1291 890 1415 968 Adeo·

213 1004 281 1077 que
301 975 376 1073 ejus
393 974 620 1053 diuturnitate
635 972 792 1049 exhausti
820 972 953 1057 sumus,
978 997 1019 1048 ut
1034 974 1079 1052 ad
1097 1001 1289 1057 extremum
1306 1010 1417 1063 vene*

213 1080 338 1161 rimus,
364 1094 432 1147 nec
453 1070 626 1143 innostra
649 1068 691 1143 iit
713 1069 1412 1166 potestate,·crudeliss1mumimmaniffi-

107 1178 108 1181 ’
212 1192 380 1266 mumque
415 1164 628 1265 Tyrannum
669 1166 808 1263 longius
841 1165 1014 1241 diutiuste
1049 1172 1266 1269 reprimere·
1297 1178 1412 1254 Porro

107 1294 108 1301 ¹
211 1270 296 1343 dum
331 1284 447 1339 mente
469 1284 695 1359 reputamus,
724 1286 893 1359 quantum
927 1264 996 1339 toti
1020 1264 1242 1355 Germanic,
1274 1277 1414 1372 totique

107 1374 108 1433 ζ
211 1362 419 1449 Christianae
441 1353 628 1446 Ecclefiae,
656 1358 849 1455 perieulum
878 1360 1074 1445 immineat,
1099 1360 1124 1437 ss
1154 1366 1256 1441 uubis
1280 1372 1413 1446 hostili·

107 1520 108 1523 ,
210 1460 276 1537 bus
291 1455 394 1531 furiis
410 1456 536 1531 cedere
550 1453 701 1540 cordis,
726 1452 1006 1551 Anabaptisticus
1019 1454 1119 1547 Rex,
1129 1458 1242 1537 soluta
1259 1464 1413 1543 obsidio·

107 1562 108 1621 ἴ
211 1578 255 1631 ue
284 1556 404 1639 urbis,
437 1575 503 1646 per
533 1551 655 1624 orbem
679 1552 810 1647 inpune
831 1550 971 1647 grassari
994 1556 1163 1649 ceperit,
1188 1560 1274 1633 nihil
1304 1567 1411 1659 plane

106 1670 108 1685 ³
210 1653 372 1726 omittere
389 1652 578 1733 volumus,
598 1671 670 1743 quo
686 1666 784 1723 tanto
809 1648 902 1724 malo
924 1670 1109 1725 occurrere
1133 1652 1232 1749 puss'e
1256 1656 1411 1753 sperare«
1493 1706 1499 1715 ·

211 1770 297 1823 mus.
347 1744 481 1817 Saltem
501 1765 542 1818 ut
556 1766 673 1818 cosam
692 1740 775 1819 Deo
800 1740 889 1841 Opt.
911 1744 1016 1833 Max.
1041 1748 1267 1849 omnibusque
1283 1776 1413 1838 morta·

106 1890 107 1893 π
157 1844 160 1851 ’
210 1846 301 1921 libus
319 1842 413 1916 vinis
430 1862 475 1914 ac
490 1841 657 1935 posteris,
682 1841 894 1939 quidquida
916 1840 1019 1913 nobis
1036 1840 1111 1917 lieri
1130 1847 1252 1922 debuit
1268 1872 1330 1927 aut
1345 1862 1413 1950 poss

106 1942 107 1981 f
212 1944 301 2029 tuit,
326 1940 364 2014 id
379 1935 510 2010 summa
522 1938 701 2033 diligentia
716 1932 896 2012 sedulitate
912 1932 1201 2017 acsollicitudine
1218 1948 1418 2043 implevisse

211 2060 276 2112 nos
296 2034 456 2109 testatum
478 2034 759 2127 relinqueremus.
811 2030 1049 2127 Quamobrem
1072 2039 1248 2135 principib
1271 2039 1413 2141 quidem

106 2172 107 2179 κ
210 2132 425 2209 viciniorum
456 2127 659 2225 Principum
679 2128 1098 2223 auxiliaimploravimus.
1149 2132 1292 2233 Deinde
1317 2144 1417 2239 apud
1527 2221 1531 2228 ,

212 2224 474 2303 Confluentiam
492 2226 632 2322 hujusce
649 2224 842 2299 communis
868 2225 1017 2317 periculi
1043 2221 1253 2325 gravipatenr
1280 2238 1415 2333 aliquot

201 2319 361 2423 'imperii
376 2318 571 2397 Ordinibus
587 2318 817 2416 exposuimus.
853 2318 1053 2393 Novanus·
1074 2324 1176 2397 etiam
1199 2326 1422 2411 Sereniffrmo

211 2419 307 2519 Regi
320 2418 560 2493 Romanorum
579 2416 872 2511 supplicavimus:
899 2414 1159 2515 Vormatiaeque
1181 2426 1278 2520 apud
1296 2428 1414 2526 impe·
1456 2420 1461 2430 ’

210 2520 255 2592 rii
271 2540 362 2613 pene
383 2518 492 2589 totius
508 2517 642 2610 legatos
665 2514 708 2585 de
723 2512 891 2608 suppetiis
908 2514 1009 2587 nobis
1025 2520 1322 2597 communicandis
1342 2532 1417 2622 egi·

209 2636 305 2689 urus.
352 2610 430 2705 Qri
450 2610 580 2683 nostrae'
593 2607 721 2681 miserti
739 2610 968 2697 calamitatis,
988 2618 1235 2711 communique
1257 2616 1419 2717 Reipub.

208 2700 869 2896 lliiidlnsldldlall
889 2706 1420 2911 ldlssussiiirldld

211 2902 324 2980 indies
346 2902 438 2975 vires
460 2898 622 2985 assumat,
646 2899 906 2995 timendumque
935 2894 996 2987 iit,
1021 2923 1066 2975 ue
1090 2903 1168 2979 haec
1198 2911 1325 2983 auxilia
1351 2914 1417 2985 ad-

105 3020 107 3027 ·
211 2995 331 3074 resisus
349 3014 479 3071 tanum
497 2996 570 3068 vim
597 3016 671 3067 non
696 2992 885 3081 sufficiant,
910 2994 999 3069 'fibi
1013 3020 1154 3094 quoque
1180 3000 1411 3081 Clementiiii·

211 3118 272 3171 ιω
292 3094 409 3179 Patri,
434 3090 662 3185 Maximoque
681 3086 868 3197 Pontifici,
892 3092 1043 3189 periculi
1066 3095 1207 3193 hujusce
1237 3106 1413 3196 magnitu-

209 3192 328 3267 dinem
348 3188 708 3273 iudicarevoluimus,
733 3208 841 3285 atque
855 3189 1062 3263 inextrerua
1083 3193 1198 3267 nostra
1215 3196 1418 3272 necesitate
1443 3252 1450 3260 -

210 3290 256 3362 ed
283 3308 319 3363 te
338 3284 534 3383 Religionis
552 3282 764 3358 Christianae·
777 3304 886 3381 caput
908 3283 1114 3379 confugere.
1161 3286 1417 3386 Supplicautes

210 3386 250 3460 dt
269 3406 337 3481 per
351 3382 527 3457 Christum
546 3379 769 3455 &reatorem
791 3380 945 3453 nostrum
967 3379 1211 3471 obtestantes,
1227 3408 1267 3461 ut
1282 3386 1425 3466 nostrae

111 3528 119 3545 .
210 3482 421 3555 calamitatis
434 3478 637 3575 publicique
653 3476 803 3571 periculi
821 3496 857 3550 te
872 3470 1049 3551 misereat:
1076 3474 1115 3551 dr
1132 3482 1337 3569 nunc·,dum
1351 3491 1418 3561 ad·

208 3580 285 3651 buc
328 3576 429 3648 rocus·
442 3598 460 3646 a
473 3573 678 3649 Sansiiffims
689 3572 788 3646 Urbe
803 3570 964 3647 Romana
980 3573 1189 3649 bocmalum
1205 3578 1299 3654 abest
1308 3632 1328 3669 ,.
1349 3585 1435 3669 de-¹

207 3673 288 3749 τοι·
316 3690 399 3744 imae
411 3669 501 3756 tibi,
520 3666 804 3765 apostolicaeque
820 3667 910 3753 sedi,
923 3666 1383 3753 EcclesiaeMonasterienfis
1396 3734 1417 3771 ,

207 3765 438 3845 miserabilem
449 3762 562 3840 casum
578 3764 740 3859 benignis
755 3762 984 3863 propitiisque
993 3768 1298 3866 oeulisrespicias:
1323 3773 1419 3851 Rea-

206 3867 401 3958 uitudoque
428 3868 489 3936 tu'a
512 3858 646 3957 aliquid·
665 3865 701 3933 in
721 3860 891 3957 stipendia
916 3864 1098 3938 exercitus
1120 3890 1226 3961 quern
1251 3872 1417 3947 maximin

208 3965 383 4039 hastenus
398 3955 558 4054 impensis
578 3974 700 4037 contra
719 3953 964 4055 Anabaptistas
977 3956 1215 4046 ibstinuimus,
1238 3966 1413 4047 conserat.

208 4058 331 4151 Quem
352 4056 494 4153 quidem
510 4078 554 4129 ne
570 4054 686 4129 adhuc
707 4054 850 4127 nimium
867 4052 1109 4130 diusnstinerc
1132 4080 1322 4154 cogamur,
1347 4090 1408 4143 ve·
1453 4052 1466 4071 ’

207 4158 393 4229 bemeuter
409 4154 581 4243 sinemus.
630 4148 717 4223 N'on
733 4148 850 4244 potest
863 4172 977 4223 autem
991 4170 1049 4225 tus
1063 4154 1237 4231 Sandir'tas
1251 4159 1288 4231 in
1297 4163 1415 4238 uuum

211 4249 318 4325 esum
333 4270 388 4321 rua
413 4252 448 4323 is
459 4248 528 4345 *pid
553 4242 778 4345 glorioseque
801 4244 1066 4325 beneficentiam
1097 4247 1190 4325 suam
1210 4258 1412 4345 collocare,

208 4346 375 4450 quarum
388 4274 581 4439 izsiffimi,
598 4343 671 4425 Dei
689 4345 824 4443 pariter.
837 4364 886 4420 ac
898 4344 1230 4426 mninschsistiruar
1250 4352 1415 4464 Religio-

218 4498 222 4505 .
1329 4468 1417 4537 ms,
