3967 5167
371 826 422 889 Ex
439 826 499 889 To·

375 926 424 965 mo
438 904 482 967 ΙΙ.

541 562 631 651 206
659 508 993 656 menon
1022 548 1283 649 asora
1317 551 1688 653 zutcrsnut
1720 498 1725 505 ’

719 760 1228 887 ssrstota
1283 792 1557 915 txxv.

374 984 429 1049 1⁰¹·
451 988 518 1060 ³⁴⁸·
547 1018 810 1131 Jonuur
840 1018 1396 1115 cunusossonro
1425 1022 1741 1121 znncuo

388 1254 492 1348 ¹53⁶·

546 1248 714 1343 Laudat
763 1244 984 1340 Zoochum
1025 1247 1073 1337 ob
1100 1255 1390 1365 panegyricum
1434 1248 1610 1363 Caesots't.
1659 1254 1746 1368 ‚De

538 1464 541 1469 ¹
601 1360 1066 1478 Institutiontbm‘graecis
1092 1366 1252 1470 excusis.
1310 1364 1385 1451 De
1404 1362 1591 1480 cffefforio
1607 1380 1740 1456 mune·

598 1506 657 1563 rt.
724 1476 852 1565 Dolet
893 1474 1111 1564 literarum
1132 1473 1269 1583 studio
1335 1478 1513 1592 etsumtre
1552 1476 1600 1569 ob
1633 1510 1740 1570 novo

596 1592 798 1706 dogmata.
855 1586 1034 1678 Extollit
1048 1586 1272 1678 Matthiam
1292 1500 1434 1679 sstettt.
1728 1637 1734 1647 ·

545 1816 769 1983 Singularis
797 1838 856 1889 tua
884 1815 1093 1895 eruditio&
1120 1817 1313 1889 humanitas
1338 1818 1389 1889 ita
1414 1842 1470 1894 me
1496 1814 1737 1916 sepenumero

624 1936 742 1989 coram
767 1937 822 1987 me
839 1910 979 2001 affecit,
1006 1932 1045 1986 ut
1062 1911 1099 1983 δι
1119 1910 1353 1987 discedentem
1376 1936 1412 1987 te
1430 1912 1575 1990 Patauio
1595 1913 1735 1991 Raven-

538 2036 646 2097 nam,
681 2012 781 2105 gravi
805 2011 1013 2105 interruptae
1041 2028 1170 2081 mutuae
1190 2008 1450 2084 consuetudinis
1473 2014 1596 2086 dolore
1620 2012 1735 2111 perse·

539 2128 687 2205 queret,
714 2108 750 2181 &
776 2128 868 2179 nunc
891 2108 991 2178 eriam
1009 2102 1152 2177 subinde
1168 2108 1220 2179 tui
1235 2104 1439 2179 defideriurn
1458 2132 1626 2183 recurrat.
1658 2107 1735 2183 Ubi

540 2206 627 2281 verb
645 2224 740 2275 tuam
757 2204 868 2295 reperi
885 2200 1082 2297 epistolam,
1104 2200 1259 2295 junttan
1277 2204 1387 2275 literis
1401 2200 1449 2277 D.
1469 2204 1632 2279 Mattbiae
1647 2202 1734 2278 Pro·

427 2330 443 2345 ·
540 2300 757 2387 cancellarii,
775 2300 845 2372 dici
861 2322 916 2371 me
935 2296 1070 2370 Hercle
1089 2320 1160 2371 uon
1177 2298 1309 2390 potest,
1330 2318 1460 2394 quanta
1478 2298 1536 2373 stm
1552 2304 1733 2396 voluptate

541 2394 699 2493 perfusus
709 2445 721 2481 ,
733 2395 832 2491 quod
842 2393 997 2467 nondum
1011 2397 1104 2488 apud
1117 2414 1152 2467 te
1164 2393 1262 2488 Vrglr't'
1272 2398 1471 2470 memoriam
1486 2398 1670 2482 abolitam,
1689 2398 1729 2472 δι

541 2516 577 2568 tc
595 2494 716 2565 vivere
731 2495 915 2585 valereque
932 2492 969 2564 &
987 2488 1181 2563 desiderato
1193 2490 1381 2564 studiorum
1397 2493 1474 2566 otio
1495 2493 1586 2577 frui,
1601 2514 1646 2565 ex
1661 2494 1731 2567 illis

537 2592 640 2663 certo
659 2584 913 2683 cognoscerem.
965 2585 1063 2659 Meae
1081 2607 1193 2660 autern
1213 2610 1268 2660 res
1288 2587 1337 2659 ita
1360 2590 1411 2660 uti
1433 2611 1478 2662 ex
1495 2592 1600 2681 Logo,
1625 2608 1732 2683 atque
1837 2642 1843 2651 ι

538 2687 584 2759 D.
617 2685 747 2757 Mastia
773 2680 1000 2767 intellexisti,
1023 2680 1102 2755 sunt
1126 2684 1162 2753 in
1187 2684 1357 2757 mediocri
1382 2684 1481 2758 statu.
1530 2684 1627 2757 Nam
1652 2687 1732 2761 haec

397 2822 402 2829 ·
536 2780 690 2861 futoro,
715 2800 791 2873 quae
810 2778 954 2852 Caesaris
976 2778 1147 2852 beneficio
1162 2778 1221 2852 hic
1241 2779 1327 2851 mihi
1348 2780 1425 2854 obti
1452 2781 1497 2865 't,
1523 2784 1560 2856 in
1580 2778 1730 2854 Germa·

538 2877 596 2948 nia
615 2872 730 2947 nostra
747 2876 946 2971 cumprimis
965 2875 1138 2947 honorata
1160 2898 1202 2948 tc
1216 2877 1425 2970 compendio
1440 2902 1461 2950 a
1478 2876 1647 2951 censetur.
1671 2874 1731 2956 De

539 2972 761 3068 Panegyrico
783 2992 818 3043 te
836 2972 962 3055 laudo,
988 2972 1049 3063 qui
1068 2970 1178 3045 studia
1197 2992 1258 3046 tua
1279 2972 1322 3044 ad
1342 2972 1514 3046 Caesarem
1531 2974 1729 3047 ornandum

536 3068 737 3143 contuleris.
787 3065 913 3163 Neque
936 3086 970 3138 te
987 3066 1060 3160 ejus
1078 3090 1196 3163 operae
1213 3068 1420 3164 poenitebit,
1443 3068 1502 3141 sed
1518 3066 1654 3145 occasio
1669 3092 1729 3145 ex·

537 3162 730 3261 petunda,
757 3186 798 3237 ac
821 3164 923 3236 etiarn
945 3161 1078 3257 aliquid
1089 3166 1314 3257 quaerendum
1337 3164 1433 3258 quod
1450 3164 1569 3240 Caesat
1589 3163 1656 3239 tibi
1674 3188 1733 3239 ro·

535 3263 632 3355 ganti
651 3261 737 3333 citra
762 3258 854 3332 suam
876 3260 1043 3354 jasturam
1069 3260 1200 3333 donare
1218 3260 1327 3355 poffit.
1385 3258 1448 3333 Est
1470 3263 1560 3334 enim
1582 3263 1731 3356 propria

536 3356 693 3449 quosdam
711 3356 747 3428 in
766 3356 925 3451 Regum,
951 3352 1194 3451 Caesarumque
1215 3355 1301 3429 aulis
1325 3356 1542 3430 liberalitatis
1564 3355 1727 3450 species,

535 3474 576 3525 ut
593 3476 663 3528 non
678 3474 863 3539 nummos,
888 3450 945 3525 sed
968 3452 1121 3525 bonores
1149 3473 1190 3524 ac
1214 3474 1294 3546 quae
1320 3472 1451 3525 vocant
1474 3450 1643 3527 beneficit
1664 3452 1728 3529 do·

536 3570 631 3622 nent.
679 3548 785 3621 Petrei
812 3546 1077 3642 Epigrammata
1104 3548 1260 3621 nondum
1283 3550 1369 3622 mihi
1391 3550 1449 3624 hic
1471 3550 1593 3624 videre
1613 3551 1726 3625 licuit.

533 3642 768 3719 Institutiones
785 3644 953 3727 Graecas,
977 3662 1062 3737 quas
1079 3643 1213 3715 Bombos
1227 3645 1313 3716 mihi
1328 3646 1622 3733 communicarat,
1647 3644 1725 3718 Fro-

444 3752 448 3757 '
532 3742 617 3814 benit
639 3736 788 3814 edendas
813 3740 964 3822 tradidi,
998 3737 1139 3833 &post
1164 3762 1241 3812 eum
1272 3739 1425 3814 Lutetiae
1445 3744 1585 3837 quidam
1607 3742 1728 3817 denuo

532 3860 589 3908 eas
608 3836 769 3919 excudit,
795 3858 836 3907 ac
862 3836 898 3905 in
930 3832 1151 3917 Germania,
1183 3834 1369 3931 Galliaque
1392 3837 1436 3909 ab
1461 3834 1727 3931 studiosisflcum

532 3931 652 4027 plausu
674 3952 823 4026 receptae
840 3928 928 4003 sunt
978 3932 1094 4003 Bembt
1112 3956 1168 4004 eas
1189 3934 1313 4005 meritd
1330 3954 1492 4029 acceptas
1506 3934 1589 4013 tuli,
1604 3954 1722 4026 neque

532 4029 623 4101 'enirn
647 4030 789 4123 ingenui
807 4028 911 4099 animi
929 4024 1059 4111 fuisset,
1085 4029 1172 4101 tanti
1191 4027 1349 4103 beneficii
1371 4031 1552 4126 authorem
1575 4028 1724 4101 diffimu·

530 4124 613 4196 lare.
663 4123 743 4195 Alia
764 4146 844 4219 quae
866 4145 927 4197 toa
943 4145 1050 4217 opera
1066 4126 1184 4197 sallus
1206 4122 1304 4211 sum,
1327 4126 1458 4200 curabo
1473 4144 1514 4199 ut
1531 4126 1722 4221 aliquando

412 4226 420 4255 ‘
530 4240 671 4313 quoque
685 4220 798 4292 lucem
812 4220 965 4293 videant.
997 4215 1106 4293 Nunc
1120 4240 1234 4294 autem
1252 4222 1287 4290 in
1303 4223 1365 4295 has
1380 4244 1482 4293 curas
1498 4220 1722 4341 astionesque

527 4310 699 4401 forenses,
714 4315 963 4407 pulcherrimas
979 4316 1056 4388 illas
1072 4317 1211 4411 quidem
1225 4314 1284 4389 sed
1300 4315 1542 4409 permolestae,
1566 4338 1722 4415 primum

526 4407 691 4507 ingressus
711 4408 851 4507 pristina
865 4404 976 4484 studia
998 4410 1043 4483 ad
1061 4431 1199 4509 tempus
1216 4413 1445 4487 intermittere
1462 4434 1585 4511 cogor.
1619 4416 1721 4503 Eras-

1647 4528 1719 4585 m
