3967 5167
349 553 551 650 amar..
570 546 878 649 SEOECTAE
905 474 971 645 aa
998 550 1332 655 orvansos.
1399 588 1451 673 η

251 751 290 827 in
317 745 495 823 tradendis
526 745 817 843 Jurisprudentiae
842 746 1067 829 rudimentis,
1094 748 1354 845 requirentibus
1381 773 1458 827 tao·

252 848 334 921 dem
357 840 486 919 alsensi.
535 843 603 917 Sed
631 844 788 917 audaciae
816 842 912 916 istius
937 842 995 915 me
1022 841 1143 938 postea
1174 868 1245 919 non
1268 842 1373 921 semel
1390 871 1457 943 pu⁴
1613 858 1619 867 ’

252 941 603 1037 duit‚poenituitque.
655 934 848 1035 Repugnat
874 940 967 1011 enim
983 940 1099 1013 adhuc
1119 960 1225 1023 aetas,
1249 942 1310 1014 cui
1323 926 1456 1017 discere

251 1038 360 1131 magia
377 1036 482 1132 quim
513 1035 643 1109 dotme
674 1033 928 1107 conveniebat:
954 1032 1145 1129 praesertim
1172 1035 1250 1110 crim
1272 1060 1314 1108 ex
1335 1036 1469 1113 Patrui'

252 1137 321 1209 mei
346 1131 603 1216 munificentia,
656 1150 881 1223 arenmmque
904 1129 1112 1205 liberalitate
1135 1154 1207 1203 non
1229 1131 1335 1214 defit,
1358 1138 1455 1209 unde

253 1231 342 1305 citra
360 1228 511 1303 docendi
537 1152 726 1323 qualium,
759 1246 838 1297 meo
863 1226 988 1321 (quod
1011 1225 1164 1323 dicitur)
1189 1224 1294 1302 succo
1311 1230 1454 1316 uivere,

253 1321 465 1419 Litterisque
488 1322 598 1397 libere
617 1344 742 1397 vacare
759 1318 902 1416 possem.
953 1320 1118 1396 Attamen
1138 1327 1237 1417 gravi
1255 1326 1455 1417 imperiosa·

258 1446 328 1517 que
348 1420 613 1501 cohortatione,
638 1418 739 1491 amici
761 1418 901 1513 quidam
920 1438 991 1489 non
1013 1416 1145 1491 indosii
1160 1420 1205 1493 ed
1225 1422 1452 1514 impulerunt.

213 1554 215 1568 =
258 1518 320 1593 Ad
349 1518 428 1591 haec
460 1514 510 1589 ita
534 1513 663 1591 obnixe
684 1510 938 1587 Adulescentes
968 1510 1033 1608 ipsi
1059 1534 1156 1587 ame
1171 1514 1453 1599 contenderunt,

253 1634 300 1687 ut
325 1632 398 1685 non
423 1608 509 1707 quid
535 1610 665 1705 ingenii
686 1609 753 1683 mei
767 1606 984 1683 imbecillitas
1006 1606 1145 1696 ferret,
1175 1608 1231 1685 sed
1260 1612 1356 1706 quod
1384 1610 1453 1708 ipsi

256 1708 415 1795 ¹vellent,
446 1704 618 1799 suscipere
641 1706 877 1800 compellerer.
934 1700 1011 1779 Ubi
1035 1707 1141 1800 igitur
1164 1710 1261 1802 quod
1286 1706 1456 1783 desidera·

259 1802 345 1877 bant
370 1824 392 1875 a
416 1824 471 1875 me
494 1798 748 1895 impetrassent,
772 1822 885 1893 porro
907 1803 1011 1875 etiam
1028 1800 1285 1897 persuaserunt,
1310 1824 1349 1881 ut
1363 1804 1453 1877 Aui-

259 1900 400 1973 nionem
418 1898 584 1973 unicum
606 1892 687 2063 ipsis
710 1890 964 1993 proficiscerer,
982 1898 1151 1969 'Andrum
1172 1900 1357 1985 Altiatam,
1379 1902 1453 1995 pri·

260 1996 309 2066 mi
328 1998 417 2068 inter
431 1992 520 2089 Juris
539 1994 616 2067 Con
633 1994 725 2069 ultor
740 1992 889 2067 nominis
907 1991 1134 2070 professorem
1150 1995 1314 2071 audiendi
1329 2000 1452 2093 gratia.

260 2092 319 2163 Sic
334 2089 449 2163 nescio
464 2090 641 2185 quomodo
663 2084 797 2184 sperata
813 2089 873 2161 diu
887 2088 1057 2163 invisendi
1075 2086 1379 2189 conspiciendique
1399 2093 1453 2167 tui

258 2185 395 2261 occafio
419 2180 588 2259 subtrasio
627 2181 690 2258 est.
740 2184 982 2258 Adeo‘tamen
1018 2186 1134 2262 adhuc
1150 2208 1253 2263 vetus
1278 2191 1335 2261 illa
1354 2190 1453 2283 cupi·

258 2284 347 2355 ditas
364 2278 498 2376 pediori
510 2282 590 2354 'meo
612 2278 784 2364 inhaeret,
804 2288 847 2354 'ut
863 2304 1033 2379 quantum
1051 2278 1126 2376 spei
1139 2285 1293 2367 decessit,
1316 2304 1452 2357 tantum

260 2380 294 2451 ei
319 2376 489 2451 desiderio
541 2376 673 2450 uotidie
697 2372 880 2451 accrescat.
936 2375 1021 2450 Nec
1044 2381 1140 2452 illam
1160 2403 1206 2453 ex
1229 2382 1345 2453 animo
1370 2400 1452 2453 mco

259 2476 438 2569 deponere
453 2494 501 2569 po
531 2494 605 2544 um:
633 2470 749 2545 Deum
766 2494 937 2567 precans,
961 2494 1003 2547 ut
1023 2494 1058 2546 te
1079 2475 1137 2545 diu
1157 2474 1381 2548 nobisservet
1397 2474 1453 2547 su·

257 2566 460 2665 perstitem,
484 2590 524 2641 ut
539 2564 600 2642 etii
617 2562 747 2653 serios,
772 2569 961 2661 aliquando
977 2589 1092 2641 tamen
1109 2566 1247 2662 hujusce
1262 2572 1339 2643 voti
1356 2592 1454 2643 com·

257 2664 328 2760 poa
345 2664 481 2737 reddar.
531 2660 745 2755 Lugdunum
775 2660 956 2756 ubiveni,
981 2664 1106 2759 accepi
1131 2686 1152 2737 a
1176 2666 1279 2737 Paulo
1302 2664 1453 2749 serrato,

258 2762 340 2833 viro
365 2782 444 2833 cnm
471 2758 592 2855 primis
607 2757 725 2831 dodlo
750 2756 788 2832 dt
809 2758 962 2830 humano
980 2808 996 2843 ,
1017 2758 1179 2833 Alciotum
1195 2765 1267 2854 jam
1282 2762 1451 2836 Avinioni

255 2852 478 2941 valedixisse,
511 2852 550 2927 dt
575 2850 776 2947 amplillimo
801 2854 992 2929 honorario
1018 2854 1063 2929 ab
1090 2854 1226 2950 Regina
1256 2854 1454 2944 Navarra,
1552 2930 1555 2937 ,

255 2954 371 3029 sorore
386 2948 495 3045 Regin
512 2948 750 3035 Francorum,
775 2948 818 3023 ad
839 2948 1015 3044 Biturigae
1034 2946 1100 3022 esse
1123 2969 1306 3028 euocatum
1317 3003 1329 3039 ,
1355 2950 1393 3023 &
1413 2954 1452 3024 in

256 3046 493 3132 eaAcademia
504 3066 632 3142 magno
655 3042 778 3119 salario
801 3042 869 3119 elie
891 3044 1114 3119 condudium.
1151 3044 1204 3119 Hi
1221 3050 1308 3122 vero
1323 3048 1385 3143 qui
1394 3070 1455 3121 me

256 3171 299 3227 eo
315 3136 569 3239 pertraxerant,
597 3136 659 3215 etfi
691 3162 818 3235 magno
835 3138 1007 3213 desiderio
1028 3141 1189 3215 isiciorum
1206 3144 1250 3217 ed
1276 3140 1372 3239 sequi
1393 3167 1457 3216 cu·
1607 3148 1611 3154 '

255 3242 419 3338 piebaot,
444 3258 627 3333 parentum
649 3258 766 3311 tamen
788 3234 945 3310 obsecuti
969 3238 1160 3326 mandatis,
1186 3237 1225 3309 dr
1242 3236 1453 3333 priuasecu·

256 3342 283 3410 ti
307 3332 549 3433 propositum,
571 3332 681 3405 tutiris
707 3354 793 3420 noa,
818 3331 914 3404 bello
939 3333 1029 3404 inter
1043 3330 1218 3407 Caesarem
1245 3334 1283 3407 dt
1315 3332 1453 3428 Regem

255 3432 471 3507 Francorum
490 3428 645 3503 nondum
674 3422 886 3522 composito,
910 3426 1088 3501 Avinione
1110 3430 1147 3500 in
1176 3427 1361 3505 Pontificio
1397 3428 1450 3500 di·

256 3528 375 3616 tione,
399 3526 500 3619 quim
516 3515 567 3596 in‘
587 3517 717 3597 Gallia
731 3522 948 3597 habitaturos
972 3522 1156 3615 putabant.
1204 3522 1356 3597 Proinde
1381 3544 1451 3598 noa

255 3620 444 3697 institutam
473 3618 722 3713 professionem
755 3616 932 3715 prosecuti
955 3618 1090 3691 sumus.
1141 3618 1276 3693 Vertim
1299 3640 1450 3695 eventus

254 3712 435 3794 consilium
446 3735 569 3810 parum
585 3715 767 3807 probavit,
790 3716 873 3789 inde
891 3714 981 3787 enim
997 3712 1200 3801 confestim,
1210 3736 1356 3810 propter
1370 3712 1453 3786 sub·

254 3816 422 3889 orientem
449 3806 700 3905 pestilentiam,
726 3808 919 3883 Valentiam
940 3820 1041 3885 retro
1060 3806 1222 3884 secedere
1244 3806 1358 3884 coedi
1381 3808 1454 3881 sui·

255 3927 360 3995 mut,
382 3906 442 3979 ubi
466 3904 550 3977 mibi
574 3905 714 3999 longius
729 3904 776 3977 ob
795 3904 892 3977 urbia
909 3906 1139 3978 amenitatem
1167 3908 1295 3979 morari
1318 3902 1451 3978 lubuis·
1591 3967 1596 3975 .

256 4004 325 4091 set,
349 3998 541 4099 praesertim
564 3998 645 4072 cdm
659 3998 860 4093 pestilentis
878 3996 1141 4097 contagiolique
1171 4000 1285 4074 morbi
1309 4002 1453 4097 pericu·

254 4104 348 4185 ium,
372 4094 471 4193 quod
496 4092 712 4191 praecedenti
736 4114 828 4168 anno
850 4093 1040 4169 ibifuerat
1064 4090 1280 4190 grassatum,
1308 4099 1459 4170 nullum-

254 4196 424 4280 restatet‚
456 4193 493 4267 dt
520 4191 546 4263 ii
569 4190 632 4286 qui
653 4194 709 4286 jos
729 4188 836 4264 civile
855 4188 905 4263 ibi
926 4188 1211 4287 profitebantur,
1245 4194 1334 4267 bene
1351 4190 1460 4287 dodlij

256 4288 341 4363 mibi
349 4290 560 4363 viderentur.
596 4282 745 4359 verum
759 4284 979 4361 Mercatorea
990 4285 1180 4375 Germani,
1200 4290 1263 4387 qni
1276 4288 1461 4385 Lugduni·

255 4386 498 4482 regnumne,
522 4378 567 4459 de
588 4381 709 4461 nostro
730 4378 967 4553 abdupoione
986 4380 1132 4463 discessu
1151 4386 1323 4466 teniores
1343 4404 1451 4552 ⁸2⁰1}
1476 4423 1478 4426 ·
