3967 5167
536 514 564 601 s
709 448 1028 594 rnu'uom
1082 494 1561 593 onuorrouis
1617 588 1623 600 .

539 718 609 773 tate
624 695 780 793 judicum
806 718 853 769 ac
865 692 1091 765 tribunalium
1110 690 1145 761 in
1167 714 1238 766 uno
1258 688 1451 789 eodemque
1470 692 1572 782 loco,
1598 693 1741 793 oppido

540 818 600 871 aut
621 796 764 890 civitate
786 788 997 875 sedentium,
1030 790 1139 883 prima
1164 786 1275 861 statim
1309 787 1443 879 fronte,
1478 792 1524 863 ob
1553 790 1605 865 rei
1630 793 1742 889 ipfius

539 894 676 977 ideam,
701 910 779 982 quae
796 884 856 961 etsi
874 909 945 959 non
964 885 1145 969 cernitur„
1163 907 1276 957 mente
1292 906 1408 958 tamen
1424 889 1642 983 concipitur,
1659 912 1743 985 pro·

542 988 774 1061 nuntiandum
790 985 930 1057 videtur
945 1003 1012 1075 pro
1029 962 1236 1075 magistratu
1256 982 1344 1063 loci,
1365 971 1485 1076 judice
1505 984 1681 1059 ordinario
1701 983 1746 1058 dc

544 1084 711 1161 naturali,
738 1102 859 1153 contra
868 1076 1015 1152 Consilii
1028 1076 1198 1159 tribunal.
1221 1078 1375 1171 judicem
1392 1081 1534 1171 quidem
1554 1081 1739 1175 majorem,

544 1180 603 1255 sed
625 1205 645 1253 a
663 1178 828 1271 Principe
847 1168 1150 1269 superimpolitum
1172 1172 1254 1245 seris
1272 1181 1419 1268 tempori
1469 1200 1509 1261 s,
1535 1198 1614 1251 cum
1635 1176 1751 1251 causae·

547 1276 885 1370 multiplicarentur,
909 1271 1164 1365 appellationes
1190 1267 1395 1363 frequentes
1417 1291 1437 1341 e
1467 1292 1545 1385 ent',
1572 1275 1610 1347 de
1637 1274 1745 1369 ipfius

547 1373 740 1468 Principis,
774 1370 873 1462 cujus
897 1362 1051 1441 dominia
1081 1388 1286 1451 creverant,
1312 1368 1529 1456 commodis,
1551 1367 1748 1465 juribus&

547 1468 791 1567 praerogativis
816 1464 964 1563 propius
991 1458 1244 1553 inspiciendum
1270 1464 1307 1537 de
1334 1465 1528 1538 cavendum
1549 1460 1646 1541 esset.
1696 1464 1749 1539 Et

541 1572 598 1653 ‘ita
616 1562 876 1638 existimandum
894 1577 984 1657 puto
1009 1558 1046 1629 in
1069 1558 1285 1646 universum,
1310 1556 1370 1633 nifi
1395 1556 1562 1653 speciales
1582 1562 1657 1635 loci
1682 1560 1753 1649 eir·¹

550 1662 763 1741 cumllantiae
789 1660 1033 1754 exceptionem
1059 1652 1271 1729 constituant
1298 1678 1319 1729 a
1343 1654 1440 1729 thes.
1494 1654 1595 1751 Quid
1624 1656 1750 1731 enim?

550 1758 658 1857 Unde
676 1778 754 1831 nata
772 1752 842 1838 est,
858 1756 951 1827 unde
963 1773 1062 1839 orta,
1087 1752 1199 1845 prima
1215 1750 1485 1846 Mugistratuum
1506 1752 1749 1830 austeritas&

548 1852 770 1954 jurisdieeio'l
796 1850 854 1924 De
875 1851 988 1947 priua
1033 1868 1147 1937 uaero,
1178 1846 1237 1921 seu
1256 1850 1454 1943 primitiva,
1485 1872 1558 1931 oon
1580 1852 1624 1925 de
1642 1850 1750 1945 privi-¹

552 1954 652 2048 legiis
671 1976 692 2025 a
710 1947 873 2043 Principe
899 1966 1008 2045 conce
1047 1954 1081 2025 s',
1106 1944 1199 2017 unde
1227 1946 1303 2019 unis
1328 1946 1436 2041 major
1463 1948 1567 2040 quim
1597 1950 1669 2020 aliis
1694 1944 1747 2019 est

553 2049 737 2138 austeritas
754 2046 884 2117 tributa
895 2064 905 2130 3
914 2062 1002 2211 tquae
1019 2036 1261 2133 posterioribus
1280 2042 1421 2136 quoqne
1436 2044 1653 2139 temporibus
1668 2065 1753 2119 coo·

553 2147 658 2247 gruit.
709 2143 780 2239 Ajo
798 2165 885 2235 ego:
951 2139 1137 2230 bicumque
1154 2134 1204 2209 est
1229 2138 1600 2219 hominumadunatio
1616 2138 1656 2213 δι
1678 2138 1749 2214 fre·

553 2243 697 2340 quentia
718 2242 753 2312 in
769 2242 895 2311 eodem
910 2237 992 2309 loco
1011 2232 1074 2305 ubi
1090 2230 1204 2305 sedem
1218 2230 1354 2329 figunt,
1379 2234 1437 2307 ubi
1452 2256 1506 2307 res
1519 2232 1596 2309 l'uas
1617 2260 1659 2310 sc
1679 2236 1751 2313 for·

555 2360 655 2416 tonas
683 2336 880 2419 collocant,
905 2330 965 2406 'ubi
985 2326 1117 2405 visium
1139 2328 1176 2403 δι
1195 2331 1357 2403 amilium
1385 2332 1546 2427 quaer'unt
1563 2332 1601 2407 δι
1618 2334 1678 2405 obi
1697 2336 1751 2405 in·

555 2440 672 2513 vicem
701 2426 918 2517 coutuntirr,
952 2426 1219 2519 societatemque
1249 2449 1291 2500 ac
1318 2450 1509 2509 commune
1534 2428 1752 2503 constituunt·

542 2531 657 2620 ¹(five
686 2554 745 2604 eos
770 2532 910 2611 uicinos,
933 2523 1004 2597 sive
1027 2521 1177 2607 incolas,
1211 2522 1281 2595 imo
1307 2524 1475 2599 ruricolas
1500 2524 1673 2621 appelles,
1698 2524 1750 2599 nil

557 2628 686 2717 refert)
714 2626 784 2711 ibi,
811 2618 1051 2717 Magistratum
1077 2640 1137 2691 aut
1156 2618 1309 2711 judicem
1336 2618 1402 2693 elle
1427 2640 1466 2692 ut
1490 2639 1607 2695 mente
1630 2624 1752 2695 conci·

556 2728 657 2821 pias,
680 2723 825 2802 omnino
850 2716 981 2791 necesse
1008 2714 1055 2787 est
1075 2712 1241 2879 exipsius
1269 2714 1382 2787 rursus
1399 2717 1448 2789 rei
1465 2716 1555 2795 idea.
1607 2712 1751 2815 Nempe

559 2842 728 2917 oportere
743 2817 794 2889 ibi
810 2814 875 2889 esse
892 2816 985 2911 leges
1006 2808 1076 2882 fine
1093 2812 1153 2904 qui
1179 2831 1218 2883 us
1239 2812 1332 2881 ndlla
1349 2810 1483 2885 constet
1505 2812 1669 2897 societas,
1694 2838 1751 2891 res

559 2914 634 3013 ipsa
658 2914 722 2988 tibi
743 2914 909 3005 loquitur.
958 2906 1106 2981 Etcum
1125 2904 1271 2999 quaeris3
1296 2904 1395 3001 Quid
1416 2906 1459 2981 ad
1480 2912 1572 2982 rixas
1591 2910 1753 2992 dirimen-

560 3019 642 3097 das,
676 3005 938 3102 componendas
970 2998 1209 3088 diffenfifones,
1239 3000 1339 3075 suum
1367 3006 1493 3099 cuique
1512 3004 1728 3079 servandum
1738 3056 1751 3091 ,

561 3112 676 3183 ablata
698 3102 927 3185 restituenda,
952 3101 1024 3171 vim
1043 3094 1338 3192 propulsandam?
1364 3096 1449 3173 Tibi
1471 3096 1557 3195 ipfi,
1581 3102 1671 3181 velis
1691 3124 1754 3177 no·
1786 3084 1796 3112 '

560 3208 622 3285 lis.
635 3227 677 3277 ex
696 3222 869 3294 concepta
882 3198 984 3271 semel
1003 3195 1099 3280 idea,
1126 3191 1329 3287 respondes:
1341 3190 1406 3267 else
1421 3194 1471 3268 ibi
1487 3194 1750 3293 Ma‘gistrarum.

561 3300 629 3376 ‘elle
650 3300 818 3393 judicem.
869 3292 941 3377 Et,
966 3292 1091 3392 exigua
1116 3286 1141 3361 sl
1166 3286 1214 3361 ibi
1239 3291 1488 3379 communitas,
1514 3294 1679 3389 exiguum
1702 3294 1751 3373 ibi

560 3398 823 3491 Magistrum,
847 3390 907 3462 sed
928 3411 1043 3463 tamen
1067 3381 1306 3481 Magistratum
1328 3382 1413 3471 elle,
1439 3382 1476 3459 δι
1491 3384 1667 3482 judicem,
1692 3392 1770 3487 qui¹

561 3498 662 3572 initio
682 3493 879 3588 pedaneus,
903 3483 1000 3579 lapsu
1020 3487 1185 3575 temporis
1204 3478 1316 3555 sedem
1337 3484 1509 3577 acceperit
1528 3506 1569 3556 ac
1589 3488 1753 3561 tribunal.

563 3592 670 3666 Certe
687 3592 722 3660 in
741 3584 820 3681 ipsis
839 3582 989 3658 coloniis
1003 3580 1060 3667 ,be
1076 3578 1172 3671 apud
1188 3578 1334 3669 quuits
1351 3578 1518 3652 Americae
1535 3578 1754 3676 Septentrio-

562 3691 650 3765 nalis
667 3684 833 3757 barbaros
851 3680 1032 3773 populos,¹
1049 3697 1127 3749 non.
1144 3672 1204 3745 nisi
1230 3676 1266 3747 in
1285 3670 1367 3746 casis
1387 3698 1427 3749 ac
1443 3676 1578 3770 tiguriis
1595 3680 1754 3755 habitan·

563 3808 636 3871 tes,
661 3776 895 3875 magistratum
911 3772 977 3848 elle
995 3797 1035 3846 ac
1048 3771 1219 3865 judicem,
1246 3770 1386 3844 docebit
1402 3772 1463 3867 qui
1477 3774 1522 3845 de
1536 3774 1665 3848 horum
1681 3800 1755 3850 mo·

564 3884 658 3956 ribus
675 3881 711 3954 δι
730 3876 804 3949 vita
821 3890 934 3967 nuper
956 3866 1091 3963 scripsit
1114 3888 1184 3938 non
1208 3867 1320 3938 minus
1340 3868 1472 3941 erudite
1491 3892 1594 3964 quarn
1614 3874 1754 3967 elegan-

488 4056 491 4060 t
562 3971 626 4053 teri
653 3979 724 4068 (19
734 3968 869 4069 >Num
882 3966 1167 4062 adhucdensper
1183 3980 1263 4035 nata
1278 3962 1421 4039 societas
1437 3964 1635 4055 hominurn,
1647 3970 1753 4137 baqet

920 4100 928 4116 ·
1611 4077 1619 4090 ·
1655 4087 1698 4140 or
1725 4066 1759 4137 i·'

606 4227 844 4319 (rqlnloeurs
869 4222 931 4309 des
959 4222 1132 4311 saurages
1159 4173 1420 4303 Ameriqoa'ins,
1451 4210 1661 4302 eompsre'es'
1684 4219 1756 4281 aur

561 4334 692 4389 moeure
709 4314 770 4379 des
783 4312 951 4399 premiere
965 4324 1090 4399 temps,
1132 4302 1195 4369 Par
1211 4302 1243 4397 le
1260 4300 1297 4370 P.
1315 4298 1468 4373 Lartem
1487 4302 1533 4369 de
1548 4301 1580 4369 la
1599 4298 1752 4387 Compa-

560 4406 639 4496 gnie
655 4402 699 4470 de
709 4395 821 4509 Jesus.
837 4394 931 4464 Paris
948 4410 1044 4481 1724.
1063 4410 1095 4459 2.
1111 4386 1191 4468 Vol.
1209 4404 1244 4455 in
1259 4404 1342 4477 4·..
1371 4464 1399 4477 ,Ι
1428 4465 1465 4479 ..
1551 4466 1575 4483 Ι·
1618 4466 1624 4479 ·
