3967 5167
294 580 505 682 nursi.
536 576 834 679 stanuum
862 580 951 675 nn
980 584 1308 681 nivuusos.
1339 616 1423 708 229

228 768 335 864 iisque
360 764 544 850 brevibus,
569 764 667 839 binas
685 763 721 835 oc
743 765 831 836 bene
850 765 1004 856 prolixas
1023 763 1238 853 reddideris,
1264 786 1334 839 non
1348 792 1422 840 mo·

229 868 275 938 du
296 888 365 937 non
386 862 498 935 habeo
515 862 611 956 quod
638 863 682 934 de
699 878 733 932 te
760 876 974 953 conquerar,
999 859 1057 931 sed
1081 864 1209 953 gratias
1232 864 1336 934 ctiam
1356 866 1420 935 tibi

226 984 292 1057 pro
304 960 370 1031 isto
389 957 524 1029 loenore
539 980 617 1050 ago.
667 955 760 1031 Coeli
776 974 809 1027 te
823 953 1047 1028 Louaniensrs
1070 957 1286 1029 inclementia
1302 961 1420 1031 vexari
1546 1016 1554 1030 .

227 1058 352 1148 dolen:
379 1051 435 1125 sed
452 1074 566 1125 tamen
583 1072 672 1147 puto
688 1051 801 1123 teilla
817 1048 989 1122 febricula
1005 1036 1086 1145 quae
1100 1052 1341 1124 advenientem
1359 1076 1419 1126 ex·

225 1153 343 1245 cepit,
368 1169 446 1219 cum
466 1147 591 1218 morbo
611 1166 648 1216 te
672 1142 848 1219 decidisse:
875 1168 944 1237 qua
966 1145 1046 1219 cum
1070 1146 1114 1218 fis
1126 1148 1199 1242 jam
1215 1146 1418 1234 defunditis,

224 1244 355 1317 sutnrae
384 1238 533 1315 sanitatis
566 1264 636 1312 non
656 1242 732 1315 leve
764 1260 1004 1335 argumentum
1026 1240 1153 1328 habes,
1176 1246 1317 1336 quando
1342 1249 1419 1318 coeli
1448 1302 1455 1311 .

147 1366 152 1377 ·
223 1338 420 1434 malignitas
461 1355 592 1407 naturae
627 1356 697 1406 tuae
733 1354 908 1429 tamquam
941 1335 1076 1410 victrici
1111 1332 1236 1411 ceffill'e
1268 1342 1418 1412 videtur.

223 1430 561 1508 Professoresisthic
581 1431 749 1502 bonarum
767 1433 944 1501 literarum
968 1452 1037 1503 tam
1062 1456 1194 1527 paucos
1218 1432 1285 1505 elle
1301 1438 1420 1505 miror.

224 1530 372 1623 Judicio
386 1547 463 1597 tuo.
478 1526 522 1621 de
542 1526 681 1597 Gordinia
705 1524 906 1620 caterisque
928 1521 1000 1599 fere
1016 1530 1126 1601 aetatis
1144 1526 1270 1603 nostro:
1294 1530 1420 1601 Lesto-

224 1628 346 1706 ribus‚
371 1616 1085 1716 handmultum,micinnemiffentirem,
1108 1622 1358 1696 standitorium
1377 1646 1421 1696 ex
1451 1691 1455 1698 .

102 1764 105 1771 .
225 1719 307 1793 solis
324 1714 435 1791 dodilo
451 1712 642 1801 constaret,
668 1716 761 1809 apud
789 1736 878 1809 quos
900 1738 1015 1808 neque
1031 1721 1150 1791 eadem
1172 1718 1328 1813 semper,
1363 1744 1420 1791 ne·

102 1868 104 1877 ,
226 1839 297 1912 que
316 1815 399 1890 trita
413 1813 479 1885 illa
505 1811 542 1884 &
564 1810 709 1904 vulgata
731 1811 835 1885 toties
860 1806 1065 1886 inculcanda
1087 1812 1175 1889 sunt
1224 1814 1345 1889 Pueris
1369 1834 1421 1888 ta·
1527 1877 1532 1885 .

1338 1934 1422 1984 meu
1507 1948 1513 1963 ·

228 2140 256 2177 „
273 2116 341 2171 tur.
382 2100 533 2168 Tantula
552 2108 666 2165 autem
683 2118 737 2166 res
761 2100 809 2166 lta
830 2098 976 2165 Carreum
1000 2100 1217 2175 commovit,
1235 2114 1275 2167 ut
1293 2101 1420 2184 ubique

229 2225 256 2263 ‚,
272 2184 399 2269 Erosmo
424 2186 679 2267 obloqueretur.
708 2183 777 2251 'Ac
797 2201 861 2267 ego
887 2184 1068 2265 aliquando
1087 2184 1187 2249 Dolae
1219 2184 1421 2249 nonnullam

230 2308 256 2343 ,,
274 2268 401 2335 habens
428 2286 510 2335 cum
536 2266 648 2332 Carino
672 2265 975 2343 consuetudinem,
996 2269 1086 2333 hanc
1106 2268 1178 2331 e'us
1200 2266 1422 2333 obtrestatio·

230 2389 256 2428 „
274 2370 353 2417 nem
371 2368 441 2416 non
468 2348 546 2416 satis
571 2346 650 2425 lane
672 2350 775 2431 aequis
794 2347 931 2435 auribus
954 2348 1081 2414 audivi.
1122 2287 1241 2413 dionei
1256 2348 1343 2414 verb
1358 2350 1423 2413 ini·

230 2473 256 2511 „
273 2434 404 2499 micitia
424 2450 464 2499 ea
488 2432 556 2497 live
585 2431 734 2495 simultas
760 2432 796 2495 in
822 2446 980 2513 apertum
1002 2430 1117 2513 erupit
1141 2430 1270 2495 odium.
1311 2432 1421 2509 Audi,

230 2556 256 2592 „
273 2516 295 2582 fi
312 2514 434 2591 lubet,
457 2532 530 2579 rem
548 2513 740 2579 ridiculam.
780 2512 862 2577 Erat
878 2512 1014 2577 Basileae
1029 2512 1064 2577 in
1088 2510 1224 2577 officina
1242 2510 1423 2579 Frolertiuuo

229 2638 257 2675 „
274 2596 431 2745 puidam,
452 2598 510 2661 cui
523 2593 667 2679 Erasmus
679 2612 804 2659 nomen
821 2594 945 2660 indidit
959 2594 1161 2681 Polyphemus.
1180 2594 1250 2660 Hic
1272 2597 1424 2677 aliquan·

230 2720 258 2755 „
300 2700 322 2744 o
345 2677 502 2762 perferre
528 2676 632 2742 libros
654 2676 740 2743 solet
760 2678 820 2753 iia,
842 2678 964 2759 quibus
983 2690 1083 2742 erant
1106 2678 1149 2743 ab
1177 2678 1238 2741 illo
1261 2678 1423 2744 dedicati.

230 2802 257 2839 „
274 2762 330 2827 Ac
353 2760 486 2845 postea,
514 2759 629 2825 nescio
652 2776 695 2823 nn
725 2778 770 2827 ex
793 2758 915 2843 Erasini
934 2759 1256 2835 commendatione,
1287 2780 1331 2825 an
1354 2779 1423 2844 quo

230 2882 256 2921 ‚,
276 2844 385 2911 fretus
411 2842 589 2929 suffragio,
617 2840 724 2908 fotius
757 2841 805 2908 est
836 2845 948 2927 regius
975 2840 1119 2923 satelles.
1159 2843 1321 2909 Arbitror
1345 2858 1380 2910 te
1397 2856 1422 2889 ‘⁶

232 2967 257 3004 „
276 2932 289 3009 (
291 2926 398 3009 scribit
418 2924 461 2993 od
481 2924 641 3008 Georgium
668 2922 900 3009 Hermerotem)
922 2924 1058 3001 „illum
1089 2926 1126 2990 in
1145 2926 1323 2991 Fordinoodo'
1346 2926 1423 2993 aula

120 3062 125 3073 .
232 3052 258 3087 ,,
275 3009 403 3077 vidille.
444 3009 526 3075 Erat
553 3010 659 3073 homo
683 3008 900 3092 praelongus,
929 3010 1077 3090 loquax,
1106 3008 1424 3086 mendax,'bibax,

230 3134 257 3169 η
275 3110 432 3179 pugnax,
454 3090 491 3159 &
509 3108 612 3175 quem
629 3088 700 3172 ipse
716 3090 862 3175 Erasmus
878 3093 913 3161 iu
933 3090 1094 3175 colloquor
1109 3092 1286 3238 elfigantur
1303 3092 1423 3175 depin-

231 3216 259 3253 n
277 3178 336 3261 Bis·
377 3174 617 3251 Aud10‚eum
641 3172 782 3239 tandem
798 3174 920 3269 laqueo
943 3188 1051 3239 vitam
1067 3174 1139 3240 linii
1163 3193 1184 3239 e
1378 3175 1384 3187 ·

233 3298 260 3333 „
278 3256 451 3324 nescioan
476 3256 620 3323 Polonia
639 3257 675 3321 in
699 3256 852 3340 episcopt
884 3256 1055 3339 cujusdam
1079 3256 1166 3321 aula.
1203 3174 1425 3321 llldtherddalrati

231 3378 258 3418 ‚,
277 3342 320 3436 ad
342 3358 416 3435 rem
428 3362 436 3407 :
447 3338 540 3406 ’Hoc
559 3352 705 3423 propter
724 3340 904 3438 negotium
931 3338 1078 3433 'aliquod‘
1094 3338 1137 3433 ab
1152 3335 1280 3485 Εναζινηο
1298 3338 1424 3431 Dolam

231 3464 259 3501 ‚‚
276 3423 424 3503 diuulsa,
452 3422 544 3501 forte
574 3438 649 3504 tum
684 3420 817 3487 Curinus
839 3437 876 3485 in
903 3438 1020 3487 vicina
1046 3433 1193 3495 civitate
1247 3418 1424 3487 esontlone

105 3544 107 3559 ·
234 3542 261 3579 ,,
278 3522 409 3570 moram
425 3506 593 3572 trahebar.
635 3502 885 3587 computatum
902 3502 950 3569 est
966 3504 1020 3569 uti
1038 3501 1125 3569 solet
1137 3502 1210 3569 fieri
1227 3502 1269 3570 ab
1282 3519 1425 3569 conter-

233 3627 262 3663 ,‚
280 3588 391 3651 raneis
409 3586 584 3669 siquando
604 3602 793 3653 occurrunt
818 3587 854 3652 in
872 3586 982 3651 aliena
1002 3584 1245 3671 &peregrina
1272 3586 1426 3670 regione.

106 3680 107 3695 ¹
232 3670 261 3747 ‚‚'
278 3666 382 3765 Fprte
408 3669 468 3733 ubi
488 3670 619 3735 caunos
637 3668 793 3753 coepillet
820 3662 934 3763 nescio
968 3686 1046 3751 quae
1075 3668 1234 3766 adverllrs
1264 3666 1427 3769 Erasmum

106 3830 108 3837 ,
233 3792 259 3829 ,,
275 3751 414 3826 dicere,
445 3768 485 3817 ac
513 3750 705 3837 Polyphemus
733 3750 822 3835 quali
842 3751 980 3833 quidam
1007 3750 1254 3836 hyperaspistes
1278 3749 1426 3833 Erosmr,
1505 3785 1509 3791 ·

234 3867 260 3911 u
276 3852 376 3901 mero
396 3831 604 3899 incalescens
616 3820 755 3917 indigne
770 3834 805 3899 id
831 3832 960 3911 ferret,
981 3836 1092 3919 coepit
1113 3834 1227 3901 Carino
1249 3833 1426 3917 cingulum

233 3954 259 3992 „
276 3916 453 4065 suumpro
470 3918 592 3998 laqueo
611 3907 742 4010 mipari.
784 3916 916 3982 Coronos
932 3916 975 3981 ad
989 3932 1177 4001 praetorem
1195 3916 1289 3983 urbis
1305 3932 1428 3982 accur·

235 4038 260 4085 ρ,
278 4003 347 4080 rit,
406 4000 571 4084 olyplremos
599 3997 687 4083 fugit
710 3996 892 4079 Balleam3
914 3998 1089 4069 insecutus
1107 4018 1161 4068 ue·
1185 4017 1266 4068 eum
1294 3999 1426 4069 carrus

233 4120 261 4158 „
277 4084 388 4169 coepit
402 4082 602 4149 nonnullam
620 4080 713 4149 velle
728 4082 890 4147 adversus
914 4079 1076 4164 Erosium
1115 4084 1197 4150 'tem
1226 4082 1427 4151 intendere:

107 4178 108 4183 ’
197 4226 200 4233 .
237 4174 262 4241 “,,
278 4168 336 4234 sed
357 4155 539 4317 Pdff'fm·
553 4164 711 4251 ablegato
735 4162 874 4259 resufuit
891 4162 1013 4260 sopita.
1053 4164 1123 4233 Sed
1139 4180 1253 4260 tamen
1272 4168 1434 4233 nondum‘

237 4288 264 4323 „
279 4266 359 4315 eum
380 4268 417 4315 re
442 4248 510 4316 irlle
528 4266 565 4313 in
581 4246 702 4333 Erosmr‘
721 4262 865 4333 gratiam
895 4248 977 4315 scio.
1018 4244 1075 4316 Est
1096 4264 1210 4317 tamen
1237 4249 1306 4335 lpse
1324 4250 1428 4317 Ειιᾱο-

107 4346 108 4355 ’
236 4368 262 4405 r,
279 4341 366 4397 virm
383 4332 515 4398 cimmo
530 4350 602 4399 non
614 4330 771 4398 indoctus
787 4330 961 4413 utriusque
978 4332 1165 4408 utereturae
1182 4332 1252 4405 doc.
1264 4334 1284 4367 ”
1304 4330 1354 4399 Iro
1369 4328 1430 4402 Vi·

231 4414 317 4499 gilot
342 4421 375 4529 io
402 4432 480 4483 omto
504 4414 560 4503 off.
577 4414 656 4485 Vll.
675 4434 696 4482 o
718 4432 750 4500 p.
775 4432 895 4582 mlii

239 4554 245 4561 '
314 4554 317 4561 ’
915 4532 936 4605 3
