3967 5167
546 558 626 657 168
652 548 893 650 VIGLII
920 574 988 646 An
1017 549 1170 661 AYT
1176 550 1277 643 TA
1312 546 1684 647 ZUICHEMI

545 756 589 833 fis
606 753 729 853 judicii
750 740 915 827 habitare.
969 744 1054 823 Scio
1081 744 1213 823 nullum
1236 746 1302 825 effe
1320 753 1438 847 locum
1456 732 1750 847 magis‘idoneom

547 853 593 927 ad
614 852 750 946 praxim
768 846 940 922 forensem
959 846 1242 940 perdiscendam:
1268 868 1349 919 cum
1372 848 1446 921 illic
1461 870 1582 921 omnes
1596 852 1751 943 partium

547 942 809 1031 controverfiae,
830 942 1070 1041 judicumque
1086 940 1265 1017 sententiae
1285 945 1529 1037 deponantur,
1554 943 1751 1021 describan-

547 1038 847 1232 {urtuu
862 1036 1752 1231 rrrritnturnatatutada

549 1233 620 1307 did'
654 1235 689 1319 i,
714 1189 758 1306 a’n
782 1254 825 1307 eo
841 1229 985 1305 confilio
1001 1232 1075 1305 illic
1094 1233 1280 1305 habitares.
1331 1230 1573 1329 Quamobrem
1590 1230 1670 1307 crim
1686 1218 1752 1313 itc-

549 1352 627 1407 rum
644 1328 688 1403 ad
705 1350 761 1403 rne
778 1326 925 1417 scribes,
949 1348 1040 1424 rogo
1065 1352 1108 1401 ne
1124 1328 1272 1423 gravere
1289 1328 1462 1423 prolixius
1478 1328 1571 1401 mihi
1580 1348 1678 1402 tuum
1696 1334 1751 1407 in·

550 1426 708 1502 stitutum
734 1446 935 1521 exponere:
963 1424 1001 1495 δι
1025 1420 1050 1495 u
1074 1424 1125 1497 illi
1147 1424 1249 1521 praui
1273 1444 1417 1519 operam
1444 1424 1524 1509 das,
1548 1424 1688 1519 quaeso,
1712 1440 1753 1502 u't
1849 1506 1852 1513 ,

551 1523 596 1602 de
622 1522 699 1597 stilo
710 1520 824 1597 vestro
841 1541 1090 1614 nonnunquam
1104 1518 1237 1635 aliquid
1253 1515 1404 1610 scribas,
1421 1517 1458 1590 id
1478 1516 1549 1607 est,
1573 1535 1678 1616 quem
1693 1522 1755 1599 ha·

552 1618 662 1693 beatis
678 1614 835 1691 ordinem
856 1619 892 1689 in
910 1614 1089 1688 causarum
1106 1612 1262 1701 odilone,
1277 1638 1321 1688 an
1340 1613 1569 1712 peculiarem,
1586 1638 1630 1689 an
1648 1620 1754 1715 plane

552 1708 776 1789 Fraricicum:
795 1714 972 1809 quomodo
989 1730 1209 1787 contumaces
1220 1713 1439 1807 compellatis
1449 1760 1462 1796 ,
1480 1712 1658 1807 quomodo
1673 1712 1754 1811 pos·

553 1808 732 1885 seilionuru
744 1806 860 1905 jurgia
879 1806 1097 1905 disceptetis,
1123 1805 1355 1883 interdidiisne
1370 1802 1558 1882 secondum
1578 1806 1757 1888 Romanae

553 1908 671 2001 leges,
691 1927 733 1981 an
751 1900 953 2000 sequestris,
969 1926 1013 1976 an
1032 1904 1101 1980 alio
1116 1900 1249 2000 patior
1264 1905 1403 1977 litemne
1420 1900 1661 1981 contestamini
1675 1929 1754 1985 ver·

552 2000 611 2079 bis
637 2002 842 2095 conceptis,
864 1997 934 2076 live
959 1998 1142 2096 expreffia,
1167 2000 1204 2073 &
1227 1998 1353 2072 deinde
1419 2020 1437 2068 r
1461 1996 1676 2093 politiones,
1700 2027 1754 2079 ar·

553 2095 747 2191 oculosque
771 2092 942 2169 adiionem
967 2098 1158 2191 repetatis,
1193 2116 1236 2167 an
1265 2096 1352 2167 nihil
1373 2020 1530 2167 iorum?
1552 2094 1641 2169 Item
1665 2097 1755 2179 illud

556 2192 661 2269 etiarn
683 2191 836 2271 indicato
858 2190 1033 2285 scriptone
1051 2190 1333 2287 compraesensum
1355 2188 1507 2262 habeatis
1524 2188 1756 2285 judiciarium
1887 2279 1888 2284 Ἰ

557 2288 736 2374 ordinem,
764 2308 808 2359 an
835 2285 915 2373 usu,
942 2287 979 2361 &
1002 2307 1099 2361 more
1115 2285 1295 2362 indudlum
1320 2283 1518 2382 [impliciter
1539 2284 1756 2385 sequamini?

556 2382 700 2479 Ecquid
721 2383 785 2460 tibi
800 2406 880 2457 cum
901 2382 1072 2467 Bottiaia,
1096 2383 1216 2469 Baldo,
1242 2381 1362 2467 Paulo,
1386 2376 1589 2467 Alexandro,
1614 2383 1753 2476 Josone·

558 2500 620 2573 quo
641 2502 732 2559 nunc
751 2479 944 2555 conveniet
969 2500 1048 2551 narn
1071 2480 1127 2553 his
1154 2481 1239 2552 olim
1259 2476 1391 2552 solebas
1408 2478 1757 2588 gnaviterincumbq-
1887 2525 1888 2530 ,

458 2669 464 2681 ·
550 2570 1758 2765 {nillil}ieffltllltilalllltlnuladdidit}

560 2762 726 2861 &spero
756 2788 790 2839 te
820 2764 898 2836 illos
924 2788 967 2837 ne
991 2786 1086 2836 nune
1115 2764 1258 2859 quidem
1287 2766 1390 2859 plane
1420 2766 1608 2868 negligere.
1658 2762 1758 2839 Vale.
1888 2777 1889 2862 g

560 2858 764 2941 Dulmaniae
787 2857 950 2940 Calendis
974 2857 1232 2935 Decembribus
1254 2874 1348 2947 anno
1376 2880 1480 2960 1534.
1888 2869 1889 2902 ¹

425 3224 443 3263 ο
786 3109 1293 3207 enrsroua
1377 3111 1550 3209 ava

531 3316 539 3335 ·
622 3293 1750 3427 oeonoroconunnaouro.'
1872 3390 1879 3405 ἀ

412 3586 452 3658 15
458 3582 513 3657 34·
569 3552 688 3674 Quod
711 3550 853 3669 Praga
884 3548 1080 3639 bonarum
1109 3552 1324 3639 literarum
1356 3549 1573 3643 ranarius
1600 3574 1760 3659 careat,

622 3667 822 3781 religionis
844 3664 988 3779 drffldio
1006 3662 1205 3776 adscribit.
1267 3659 1423 3779 Quaerit
1438 3664 1604 3778 daflata
1620 3658 1760 3758 rerum

623 3782 941 3871 Bohemicarwn'.
981 3776 1146 3863 Amico
1167 3776 1371 3882 confilium
1392 3788 1532 3895 aperit
1552 3783 1602 3867 de
1626 3778 1762 3897 sudse-

623 3900 779 4017 quentis
804 3896 932 3979 aetatis
961 3887 1143 3998 iafiituto.
1202 3888 1276 3979 De
1287 3888 1467 4004 smirna
1475 3892 1567 4009 fao.

568 4112 765 4281 PRagam
796 4130 831 4186 te
863 4109 1076 4197 conceiiffe,
1102 4112 1216 4207 corp·
1233 4108 1440 4199 dodliffime,
1466 4135 1510 4189 ex
1534 4114 1657 4210 Georgii
1673 4116 1760 4201 Har,-

657 4212 762 4278 manni
785 4212 977 4285 communis
1020 4212 1163 4301 patroni
1193 4210 1302 4282 iireric
1338 4208 1659 4286 dudum‘iruellexi.
1711 4212 1760 4287 Et

566 4300 632 4378 ribi
641 4304 818 4399 gratulor,
844 4308 940 4399 quod
958 4306 1099 4376 tandem
1117 4324 1164 4376 en
1178 4307 1285 4377 animi
1297 4301 1470 4377 sententia
1479 4309 1764 4390 uivendicondi·

566 4402 726 4485 tionem,
766 4402 863 4493 cujus
895 4420 930 4473 te
961 4397 1199 4494 pertoedebat,
1233 4403 1498 4495 permutaveris.
1548 4402 1761 4513 Quanquam

1696 4517 1762 4573 mr·
