3967 5167
534 582 619 678 204
646 550 884 659 trouu
919 483 986 645 rt
1017 544 1285 645 Arrrn
1315 545 1686 648 zurcflumr

535 731 690 826 elapsum
712 728 754 802 fit
781 750 949 825 tenpus,
981 730 1079 825 quod
1111 730 1286 805 literarum
1314 730 1415 804 nulla·
1429 730 1520 802 inter
1547 740 1613 801 noe'
1636 728 1752 803 merie

537 824 750 901 vicissitudo.
801 826 910 919 Cuius
938 826 1099 920 equidem
1125 828 1232 921 culpa
1258 827 1301 898 ad
1323 849 1378 896 me
1397 827 1542 920 propius
1566 827 1753 919 pertinet,
1784 914 1788 919 .
1879 823 1880 900 i

539 926 636 1016 quod
665 945 731 1016 ego
757 922 898 993 incertis
925 920 1130 994 constitutur
1159 921 1385 1014 regionibus,
1411 921 1575 993 hactenus
1595 916 1753 1004 fuerim,

538 1036 582 1091 tu·
603 1019 689 1093 verri
714 1016 844 1089 celebri
868 1036 1116 1110 oportunoque
1138 994 1346 1089 destinandis
1373 1018 1480 1089 literis
1506 1019 1588 1088 loco
1611 1036 1744 1087 moram
1879 1037 1880 1060 ,

541 1114 666 1185 trahas.
702 1108 859 1193 Verum,
885 1114 1099 1197 macutum,
1123 1111 1183 1182 iiia
1207 1114 1293 1183 mihi
1310 1134 1379 1183 non
1397 1111 1538 1182 minima
1558 1113 1661 1205 hujur
1682 1110 1746 1183 sci·

540 1207 624 1281 iicet
650 1204 774 1281 srientii
798 1204 898 1277 causa
927 1205 1029 1287 suit,
1055 1206 1154 1301 quod
1178 1204 1257 1279 ciem
1282 1204 1488 1301 periculosae
1512 1227 1638 1278 memet
1664 1227 1747 1297 pro-

403 1380 406 1387 ,
540 1304 668 1376 uincire
684 1300 923 1395 mancipassem
945 1300 1101 1395 pudebat
1120 1302 1214 1394 apud
1236 1321 1271 1375 te
1293 1300 1427 1375 consilii
1441 1301 1531 1384 mei,
1553 1304 1652 1393 quod
1668 1304 1747 1394 qui·
1880 1356 1881 1360 η

544 1396 653 1485 dem,
683 1394 710 1467 st
733 1399 776 1469 ad
799 1418 834 1468 te
850 1399 980 1489 aliquid
999 1394 1218 1491 scripsissem,
1244 1398 1356 1471 celare
1378 1392 1522 1467 minime
1539 1420 1595 1469 me
1615 1396 1745 1471 debere

541 1490 824 1577 considerabam,
850 1492 890 1565 δι
912 1492 1089 1585 sperabam
1105 1490 1307 1564 saehciorem
1324 1492 1458 1584 semper
1476 1493 1548 1585 ejus
1562 1488 1757 1565 successum.

543 1590 766 1680 exitumque,
791 1589 866 1680 qud
881 1588 962 1659 inde
980 1590 1093 1659 minus
1116 1590 1332 1680 reprobaree.
1380 1585 1512 1659 Verirm
1527 1589 1670 1682 quaudo
1685 1610 1749 1660 ve,-

543 1681 850 1776 tusproverbium
877 1685 979 1766 vult,
1015 1682 1118 1755 etiam
1147 1704 1326 1778 tempore,
1352 1682 1389 1757 δι
1415 1680 1549 1755 fiientio
1573 1682 1750 1775 praescrihi

544 1778 727 1857 amicitia,
751 1778 843 1848 maio
862 1776 1052 1849 institutum
1071 1802 1187 1851 meum
1206 1802 1227 1851 a
1243 1798 1280 1855 te
1304 1778 1525 1873 repraehendi
1544 1778 1649 1873 optim
1665 1782 1750 1853 amir

543 1875 682 1961 citiam,
710 1872 767 1939 m
782 1868 833 1949 riv
853 1870 1069 1967 &rerumque
1098 1873 1299 1968 periclitari.
1350 1871 1562 1967 Quanquam
1577 1873 1763 1958 arbitror,

544 1968 572 2043 fi·
587 1973 728 2063 quando
745 1971 816 2041 iilic
832 1966 899 2042 suit
913 1974 1065 2064 Georgius
1078 1970 1302 2055 Hermarrus,
1324 1970 1381 2043 vir
1398 1971 1514 2043 multis
1532 1971 1645 2045 modu
1660 1972 1752 2065 pr'ae·

547 2064 783 2151 siantiffimus,
801 2066 979 2161 nostrique
991 2066 1201 2139 amicissimus
1215 2116 1232 2151 ,
1251 2066 1367 2139 abillo
1386 2085 1448 2146 te,
1467 2088 1547 2160 quae
1561 2088 1751 2140 mea-nunt

546 2158 589 2235 su
603 2162 760 2233 conditio
777 2162 819 2237 dt.
834 2159 991 2245 fortuna,
1007 2158 1230 2247 intellexisse,
1255 2161 1335 2235 crim
1358 2162 1569 2235 creberrime
1588 2160 1754 2256 copiosis·

547 2252 698 2351 fineque
718 2256 761 2329 ad
787 2256 884 2331 iilum
908 2255 1112 2351 scripserim.
1172 2256 1253 2351 Ego
1273 2277 1388 2332 autem
1415 2258 1491 2347 (uti
1513 2255 1602 2352 scis)
1625 2260 1748 2339 iddio

549 2348 658 2425 habui
680 2350 876 2447 proposui,
910 2376 950 2427 ut
973 2375 1030 2425 rue
1054 2353 1099 2425 ad
1122 2350 1236 2426 sorum
1261 2354 1402 2449 aliquod
1430 2352 1670 2439 transferrem,
1705 2377 1763 2431 ac*

549 2442 644 2541 Juris
658 2450 846 2543 qualiquali
864 2448 1017 2523 scientiae
1030 2448 1165 2543 praxim
1186 2449 1422 2544 adjungerem.
1459 2448 1569 2542 Quod
1586 2448 1751 2541 equidem

407 2612 418 2631 ,
550 2562 592 2617 ut
604 2545 690 2615 mihi
706 2546 851 2639 propius
870 2545 971 2622 vobis
988 2546 1203 2638 contingeret
1216 2566 1371 2639 optaram
1382 2596 1405 2633 „
1418 2543 1475 2617 sed
1488 2566 1574 2618 voto
1588 2546 1658 2617 iilic
1670 2568 1753 2621 meo

551 2662 629 2715 aon
648 2636 885 2725 succedente,
919 2638 1006 2715 crim:
1036 2638 1335 2714 communicassem
1366 2638 1546 2715 consilium
1588 2640 1755 2719 Coloniae

552 2758 632 2809 cunt
651 2736 804 2828 quodam
827 2756 1056 2813 conterraneo
1084 2760 1188 2819 meo,
1209 2735 1366 2811 Dosiore
1393 2736 1521 2829 Joamre
1544 2758 1575 2807 a·
1590 2737 1767 2823 Dorium„

554 2833 635 2903 viro
695 2831 752 2903 avi
767 2831 804 2905 &
829 2832 1013 2924 prudenti,
1038 2834 1170 2926 quique
1200 2834 1317 2905 multis
1344 2834 1442 2905 aunis
1465 2828 1653 2904 Asiessono
1680 2855 1755 2908 mu

555 2946 639 3001 uere
673 2923 793 2999 unsius
807 2924 896 3003 suit:
919 2950 990 2999 nou
1007 2925 1106 2999 desiit
1121 2930 1150 2998 is
1165 2950 1219 3003 me
1241 2930 1435 3015 cohortari,
1461 2946 1500 2999 ut
1515 2951 1640 3000 munus
1656 2930 1766 3021 quod.-

555 3040 640 3095 tunc
659 3023 827 3109 vacabat,
852 3024 889 3097 δι
908 3024 966 3093 cui
982 3020 1055 3117 ipse
1073 3020 1267 3117 juiiurerat
1281 3024 1443 3097 idoneum
1461 3026 1507 3095 ali
1533 3046 1617 3095 uem
1625 3026 1755 3118 delige

556 3138 624 3203 re,
641 3114 870 3213 susciperem:
894 3118 1022 3193 iderar
1041 3140 1081 3191 ut
1105 3117 1278 3191 Officialis
1297 3118 1416 3191 fierem
1439 3048 1607 3215 Episcopi
1629 3122 1769 3193 Mona·-

558 3212 743 3286 steriensis.
790 3212 962 3288 Nondum
987 3234 1150 3311 eruperat
1166 3216 1235 3287 hoc
1254 3212 1664 3308 Anabaptisticumuicus
1677 3266 1702 3299 ,‚
1716 3218 1754 3295 dr

412 3378 416 3385 .
559 3310 783 3389 honorarium
793 3334 868 3407 pon
886 3328 959 3381 erat
975 3312 1174 3396 minimum,
1199 3308 1333 3383 occasio
1356 3304 1491 3405 ampla,
1513 3332 1554 3382 ut
1579 3314 1674 3404 quod
1695 3336 1771 3385 cu·-

423 3490 428 3499 ,
458 3444 463 3451 ·
521 3454 527 3473 .·
559 3404 698 3504 piebatn
709 3404 837 3479 insono
848 3424 972 3479 memet
989 3425 1152 3480 exercere
1161 3408 1348 3480 commode
1357 3404 1454 3499 posse
1469 3404 1618 3481 viderer.
1644 3406 1767 3478 Haudt

420 3568 426 3580 .
561 3502 673 3576 multo
696 3497 878 3595 postquam
896 3502 932 3571 in
951 3500 986 3573 id
1003 3524 1128 3572 munus
1145 3498 1318 3585 consensi,
1342 3503 1424 3575 dum
1446 3501 1560 3573 adhuc
1578 3501 1672 3595 apud
1696 3524 1771 3597 pa«

402 3614 413 3654 ’-
445 3656 453 3667 .
564 3617 788 3691 renteeago,
812 3598 971 3671 oboritur
983 3596 1189 3672 Monasterii
1206 3600 1372 3679 mmultut
1391 3596 1449 3668 ille
1460 3595 1601 3680 fatalis,
1618 3599 1739 3693 inquo
1746 3646 1775 3683 ,.

564 3688 694 3766 orastis
710 3693 870 3765 omnibus
888 3692 996 3763 bonie
1014 3690 1156 3763 civibus·
1168 3714 1231 3786 per
1249 3691 1488 3784 Anabaptistas
1506 3693 1589 3765 urbs
1609 3716 1773 3787 occupa«

563 3808 642 3875 rur,
667 3787 764 3886 cujus
784 3790 834 3861 rei
849 3786 976 3865 famam
990 3786 1138 3859 arbitror
1154 3788 1197 3864 ad
1221 3806 1286 3859 vot
1304 3788 1405 3861 etiam
1427 3786 1655 3880 permanasse,
1680 3810 1773 3861 nam

412 3878 434 3939 x,
564 3880 782 3978 Episcopum
808 3884 960 3955 nostrum
989 3880 1173 3977 Principes
1199 3882 1318 3954 vicini·
1335 3905 1453 3955 omnes
1475 3882 1660 3976 adjuvant,
1684 3884 1774 3978 quo,

565 3980 658 4052 hauc
678 3977 826 4050 Lernam
850 3995 1027 4073 expugnet
1046 3996 1156 4072 atque
1176 3998 1358 4073 expurget.
1385 3978 1455 4051 Sed
1483 3975 1588 4052 Urbe
1599 3980 1642 4052 ab
1658 3980 1760 4051 Mar·

565 4078 617 4147 oio
643 4070 750 4167 usque
775 4071 888 4152 meuse
912 4071 1044 4146 obsessa
1058 4125 1080 4160 ,
1099 4070 1286 4169 aliquoties
1292 4081 1348 4145 ‘ue
1374 4092 1506 4146 tentata
1536 4078 1626 4171 oapi:
1644 4070 1778 4148 hodie·-

564 4192 630 4245 uuc
654 4190 724 4241 non
750 4172 876 4262 potuit.
936 4166 1028 4241 Cum
1050 4170 1137 4243 verd
1160 4192 1225 4263 per
1309 4190 1424 4253 atem,
1449 4172 1608 4263 proxime
1634 4171 1776 4243 moeniar

567 4265 739 4355 exercitus
765 4286 839 4337 eam
867 4261 1064 4348 obsideret,
1095 4287 1188 4337 nunc
1212 4284 1381 4337 mutatum
1403 4261 1466 4335 est·
1479 4265 1607 4340 obsrdii'
1625 4281 1759 4361 genua,

567 4358 739 4464 missisque
752 4360 885 4446 carris
908 4358 1085 4463 mistim,
1103 4360 1230 4443 retenti
1248 4358 1325 4439 sunt
1343 4379 1469 4459 31000.
1478 4410 1504 4453 ,‚
1517 4364 1579 4459 qui
1594 4353 1777 4470 praefidit,
1845 4389 1849 4404 ·

1645 4476 1776 4555 imnum
