3967 5167
303 515 493 610 EPIST.
523 514 831 615 SELECTAE
850 524 921 611 'AD
951 502 1282 617 DIVERSOS.
1333 536 1410 621 181

215 717 293 775 tum
308 699 429 772 nostrae
448 698 569 789 patriae
585 697 853 789 vicinarumque
869 698 1050 791 regionum
1067 698 1236 791 indicem,
1246 693 1310 767 nisu
1324 696 1425 772 Prin.

221 788 315 889 cip'es
341 806 459 865 omnes
477 792 735 865 communibus
762 790 908 866 consiliis
925 791 1089 865 adversus
1109 818 1185 865 eam
1206 793 1422 883 niterentur,

108 946 109 977 q
214 890 310 961 ‚haud
325 893 396 963 ulla
409 883 491 958 effer
507 888 656 982 amplius
668 888 755 957 tanti
771 889 852 959 mali
877 887 1062 961 excidendi
1077 880 1317 983 extirpandive
1331 886 1422 983 spes.

108 982 110 1077 ξ
218 984 350 1059 Interea
371 982 458 1056 illud
485 982 602 1055 habeo
631 984 712 1055 inde
739 982 943 1066 commodi,
978 981 1073 1073 quod
1105 984 1172 1055 hac
1195 1005 1307 1053 rerum
1337 1004 1423 1056 tem·

108 1158 110 1183 ι
216 1078 347 1173 pestate
372 1084 410 1151 de
431 1080 631 1171 patientiam
651 1076 765 1165 disco,
792 1079 829 1151 δι
853 1069 1029 1151 nonnullo
1043 1101 1156 1149 rerum
1177 1076 1239 1149 usu
1258 1080 1420 1163 erudior,

108 1184 109 1189 ’
215 1172 444 1269 instruorqne.
496 1174 580 1267 Ago
603 1194 719 1247 autem
737 1174 850 1247 adhuc
867 1177 904 1245 in
922 1172 1161 1266 westphalia,
1187 1172 1359 1267 Principis
1383 1175 1419 1247 &

108 1282 110 1363 J
216 1267 375 1343 Praesulis
401 1268 470 1341 mei
489 1270 711 1363 quantumvis
736 1268 875 1341 dubiam
902 1268 1140 1341 conditionem
1167 1265 1333 1365 sequens,
1360 1270 1419 1362 qui

108 1384 110 1399 ’
211 1364 283 1459 jam
303 1387 433 1435 annum
451 1386 563 1435 totum
581 1362 829 1435 Monasterium
842 1363 1140 1459 Anabaptistarum
1157 1364 1418 1462 receptaculum

213 1462 289 1535 sola
318 1458 379 1552 spe
408 1457 497 1531 fame
515 1482 574 1533 eos
593 1458 778 1531 edomandi
794 1456 938 1530 obfidet.
988 1456 1082 1529 Mihi
1106 1460 1237 1531 interea
1261 1456 1418 1533 salarium

212 1576 380 1723 qrompte
404 1554 569 1639 solvitur,
594 1550 793 1647 Praesulque
811 1576 866 1625 me
892 1550 954 1624 fibi
982 1556 1181 1648 cumprimis
1196 1547 1339 1626 charum
1356 1554 1416 1629 ha·

240 1673 299 1736 et,
323 1654 419 1742 cujus
438 1649 579 1721 fortuna
599 1648 623 1719 fi
651 1672 695 1721 ex
713 1650 767 1719 his
785 1672 959 1741 emergere
979 1650 1146 1741 periculis
1164 1650 1317 1743 poterit,
1343 1670 1415 1721 non

214 1748 280 1821 erit
299 1768 361 1817 cur
379 1768 434 1817 me
453 1745 557 1819 valde
573 1745 742 1838 poenitere
768 1744 871 1815 hu‘us
889 1744 1097 1815 conditionis
1116 1744 1249 1819 debeat.
1298 1740 1414 1821 Valde

216 1864 305 1915 aveo
329 1838 414 1913 scire
431 1839 559 1935 ecquid
583 1860 690 1913 tantae
716 1860 804 1931 expe
863 1839 951 1911 tioni
977 1836 1160 1911 Clariffimi
1185 1840 1415 1937 praeceptoria

215 1938 326 2009 nostri
351 1937 474 2009 Alciati
500 1956 585 2009 mea
611 1932 868 2007 lucubrationes
891 1930 1160 2028 responderint:
1196 1936 1291 2029 quod
1318 1956 1356 2005 tu
1377 1957 1412 2007 te
1530 1938 1535 1950 '

108 2026 109 2029 ’
213 2030 425 2123 scripturum
451 2028 631 2125 recepisti,
656 2026 694 2101 dt
719 2048 759 2101 ut
776 2026 894 2100 exacte
919 2026 1135 2125 fideliterque
1155 2028 1283 2116 facias,
1308 2033 1413 2103 etiam

217 2148 325 2221 atque
340 2128 441 2199 etiam
465 2146 500 2199 te
515 2147 615 2219 rogo.
664 2121 747 2219 Ego
770 2122 852 2195 hinc
869 2121 906 2195 δι
926 2146 1027 2197 antea
1048 2126 1092 2197 ad
1118 2145 1152 2197 te
1169 2126 1286 2197 literas
1309 2127 1410 2227 dedi,

109 2238 110 2241 ’
215 2223 255 2297 &
280 2222 317 2291 id
344 2220 464 2315 laepius
488 2220 601 2294 facere
618 2241 689 2291 non
717 2241 899 2314 gravarer,
924 2217 948 2289 fi
972 2221 1078 2291 ullam
1104 2218 1266 2291 haberem
1284 2200 1413 2291 rodiam

214 2318 384 2389 rationem
407 2339 463 2389 eas
481 2316 524 2387 ad
547 2338 582 2387 te
606 2312 866 2387 transmittendi.
916 2312 1026 2385 Nunc
1053 2314 1128 2387 haec
1153 2312 1412 2407 Anabaptistica

213 2410 364 2505 perfidia
392 2412 453 2481 vix
479 2413 516 2481 in
537 2408 680 2481 Frisium
706 2409 786 2481 tutd
807 2407 938 2480 nostras
967 2410 1086 2480 literas
1107 2407 1293 2501 pervenire
1311 2404 1410 2495 finit,

214 2528 281 2578 nec
302 2508 440 2598 ignoras
466 2524 634 2597 quantum
650 2502 731 2573 inde
749 2506 814 2599 iter
833 2502 868 2573 in
887 2500 1020 2575 italiam
1040 2498 1091 2571 fit.
1140 2500 1189 2573 Et
1205 2522 1271 2594 ego
1295 2504 1410 2595 quoti'-

214 2602 328 2673 dionis
352 2598 664 2691 occupationibus,
695 2594 1100 2692 peregrinationibusque
1122 2595 1169 2668 fic
1196 2595 1343 2691 fatigor,
1371 2620 1410 2671 ut

211 2717 295 2769 meo
319 2694 434 2765 animo
457 2694 494 2763 in
518 2695 706 2765 amicorum
728 2686 851 2763 officiis
881 2693 994 2763 veteri
1016 2714 1112 2761 more
1133 2688 1328 2765 satisfacere
1350 2715 1409 2765 ne-

213 2812 354 2885 queam.
403 2784 510 2861 Nunc
533 2787 645 2859 torsus
665 2784 708 2861 ad
732 2784 983 2861 Vormatiensra
1001 2787 1154 2860 Comitia
1178 2810 1233 2857 me
1254 2810 1409 2881 apparo,

213 2884 276 2957 ubi
295 2908 338 2957 ex
371 2883 562 2955 communis
581 2880 719 2975 Imperii
743 2876 995 2975 &Principum
1019 2880 1218 2952 Germania
1242 2881 1409 2957 sententia

214 2980 259 3054 de
283 2978 418 3069 auxiliis
443 2998 564 3051 contra
590 2974 826 3071 Anabaptissas
857 2976 1083 3049 decernendis
1119 2998 1251 3069 agetur.
1310 2978 1408 3051 Bene

213 3076 295 3242 ξιξ
317 3070 356 3145 dt
371 3070 437 3183 ufac
469 3096 533 3145 nos
563 3072 631 3147 tuis
654 3070 829 3147 ,interdum
857 3066 1075 3149 irui‘literis.
1124 3070 1323 3150 Dulmaniae
1350 3094 1406 3164 27.

246 3188 524 3261 erua1111535.
665 3230 670 3241 .

387 3352 892 3468 nu'rseotn
950 3341 1218 3467 tx1'11.
1442 3400 1562 3463 an

1395 3521 1399 3534 .
1442 3499 1489 3537 rno
1509 3481 1552 3541 11.

244 3582 247 3589 ·
347 3541 1284 3667 FRANCISCORUPILIQ
1438 3555 1578 3693 {qaa-

215 3808 369 3925 Quibus
408 3802 651 3917 facientibus
686 3810 744 3891 od
770 3799 929 3909 munuc
969 3801 1174 3921 Affeffiaris
1222 3798 1401 3892 Camere
1445 3789 1558 3915 ¹1735,
1684 3839 1689 3849 ·

324 3914 328 3925 ’
382 4005 385 4017 ,
422 3908 657 4030 Imperialis
684 3916 877 4030 Spirensts
900 3939 1106 4029 promotus
1120 3914 1192 4021 stt.
1282 3924 1286 3932 '

217 4088 469 4305 UTmam3
494 4137 682 4251 charisime
698 4126 831 4255 Rupili,
863 4158 995 4214 tantam
1011 4139 1076 4213 tibi
1098 4136 1239 4213 viciffim
1253 4158 1298 4211 ex
1321 4110 1398 4212 mea

119 4317 123 4323 ,
341 4256 489 4335 amrcrtta
511 4238 695 4345 utilitatem
717 4232 880 4345 praebere
900 4231 1056 4343 pulsem,
1088 4253 1250 4330 quantam
1268 4255 1335 4329 ego
1358 4234 1396 4306 dc

210 4348 315 4411 antea
337 4335 506 4433 percepi,
530 4327 568 4409 δι
591 4332 750 4430 quotidie
777 4332 1060 4519 exztekpercrpio.
1109 4326 1319 4426 Quanquam
1327 4346 1396 4489 ἐξ
