3967 5167
367 390 400 541 ’.
534 380 1679 581 33⁶vrourrrruunnnzuronuur

537 668 682 762 ceraque
704 641 765 718 infi
817 640 824 657 '
879 642 917 717 δι
936 656 1137 715 ornamenta
1154 632 1387 733 pretiofiffime
1402 634 1483 713 fieri
1502 642 1662 730 cutavit,
1685 640 1739 719 la·

382 747 387 751 ’
539 747 668 821 mulum
719 766 738 815 e
821 740 1026 812 comitatum
1051 732 1116 807 libi
1132 734 1219 809 mira
1238 732 1494 846 magnificentia
1510 736 1549 811 δι
1571 734 1659 813 salin
1675 739 1737 813 de·

538 842 643 936 legit,
729 838 834 937 plane
860 828 1084 933 tyranniium
1099 829 1280 929 quoddam
1295 833 1478 929 tmperium
1501 830 1736 944 superbissime

395 966 403 983 ·
538 936 698 1033 arripuit.
750 930 862 1006 Certo
886 926 1033 1005 asserens
1055 926 1091 1004 se
1114 926 1235 1005 aDeo
1258 924 1393 1024 Regem
1421 924 1489 1003 elie
1511 932 1735 1027 ordinatum,

539 1051 580 1106 ut
600 1051 714 1112 ton1m
730 1027 794 1103 libi
808 1026 928 1102 orbern
949 1024 1130 1123 subjiciat,
1153 1046 1362 1122 omnemque
1382 1025 1569 1099 humanam
1584 1030 1737 1123 potesta·

539 1148 639 1216 rem,
672 1128 789 1203 omnia
820 1147 928 1221 regna
952 1122 989 1199 δι
1012 1124 1108 1217 leger
1132 1122 1308 1217 abroget,
1333 1122 1371 1197 δι
1395 1142 1548 1205 evertat,
1573 1146 1735 1220 regnum-

565 1249 609 1299 ue
632 1222 741 1299 Isra'e‘l
764 1222 944 1309 restituat,
967 1221 1005 1291 iu
1029 1240 1099 1313 quo
1122 1214 1185 1291 soli
1205 1216 1319 1315 Justi,
1350 1220 1476 1315 aequali
1505 1242 1629 1295 omnen
1651 1245 1737 1296 con·
1879 1231 1880 1234 ’

456 1365 468 1375 -
568 1324 676 1395 'tione
704 1320 741 1395 δι
759 1318 940 1401 libertate,
964 1313 1094 1389 summa
1115 1310 1284 1389 felicitate
1306 1315 1344 1389 &
1365 1336 1454 1411 pace
1471 1312 1640 1391 fruantur.
1666 1316 1736 1392 Eu-

538 1440 611 1513 que
629 1417 750 1513 opinio
774 1414 877 1487 editis
900 1410 1056 1485 libris&
1085 1434 1150 1507 per
1170 1406 1378 1495 emissarios,
1403 1410 1443 1485 δι
1463 1434 1553 1509 quos
1579 1410 1735 1582 Prophe·

540 1536 596 1588 tar
621 1530 781 1596 vocant,
808 1508 926 1605 pallini
949 1508 1179 1593 denunciata,
1210 1508 1259 1582 ita
1282 1508 1437 1580 credulae
1457 1509 1554 1603 plebi
1577 1532 1640 1610 per
1657 1508 1736 1585 uasa

538 1606 591 1685 est
603 1660 615 1696 ,
639 1628 682 1683 ut
703 1608 847 1681 omuino
873 1606 911 1679 in
933 1602 1213 1683 sceleratissimam
1237 1606 1311 1700 ejus
1335 1600 1551 1689 factionem,
1582 1607 1734 1681 maxime

443 1754 454 1767 -
537 1704 639 1801 vulgi
662 1703 788 1792 anirni,
808 1701 881 1798 juru
905 1698 1065 1777 inclinati
1086 1696 1184 1798 linc!
1213 1696 1411 1795 Multisque
1436 1702 1473 1773 in
1496 1700 1641 1777 urbibus
1658 1702 1732 1798 jam

538 1821 721 1879 tentavere
744 1797 908 1873 nonnulli
932 1797 976 1871 ad
1000 1797 1097 1871 huuc
1121 1816 1308 1893 tyrannum
1330 1792 1543 1870 desciscere:
1575 1799 1640 1894 qui
1663 1822 1735 1875 ma·

537 1920 627 1993 gnos
651 1892 812 1994 profesto
837 1916 953 1969 motus
975 1890 1195 1977 excitass'ent,
1218 1890 1281 1965 nili
1303 1894 1340 1966 in
1362 1913 1521 1989 tempore
1544 1890 1646 1969 Deus
1671 1897 1735 1969 im·
1762 1986 1767 1993 Ι

537 1998 599 2089 pia
618 1988 760 2069 consilia
782 1986 976 2066 detexisset.
1025 1986 1231 2073 Obsidiouia
1254 2011 1363 2086 porro
1386 2009 1567 2087 tempore,
1590 1986 1734 2067 seclera-

537 2088 670 2165 tiliimis
694 2085 923 2184 opinionibus
953 2084 1049 2159 aliud
1084 2087 1188 2161 etiarn
1211 2082 1425 2159 foefflmurn
1449 2088 1579 2183 dogma
1599 2087 1645 2165 ab
1667 2086 1733 2161 hu·

535 2190 593 2283 jus
617 2184 728 2260 Seuae
753 2184 958 2257 authoribus
982 2178 1156 2277 adjelium
1188 2180 1248 2254 est.
1297 2180 1386 2277 Quo
1409 2178 1627 2257 Sacrosaniii
1649 2184 1732 2258 Mn·

535 2282 691 2356 trimouii
719 2276 834 2367 fidet,
860 2301 931 2353 uon
955 2298 1026 2352 uno
1050 2278 1220 2374 quidem,
1245 2274 1438 2375 simplicive
1465 2278 1572 2354 ruodo
1592 2276 1653 2357 sed
1677 2305 1732 2357 tr·

537 2397 617 2453 rore
641 2378 749 2453 errori
772 2378 1004 2451 accumultato
1022 2375 1161 2471 penius
1175 2376 1409 2481 contaminata
1422 2370 1485 2451 eil„
1532 2372 1627 2451 Nam
1644 2376 1727 2453 crim

536 2474 718 2571 gravidam
736 2494 880 2547 uxorem
904 2472 1077 2571 attingere
1100 2468 1250 2567 capitale
1267 2468 1417 2559 ducant,
1442 2492 1588 2547 uxorum
1610 2494 1727 2549 tamen

535 2592 721 2647 numerum
744 2568 893 2643 liberum
917 2566 984 2643 elle
1013 2566 1149 2640 volunt.
1198 2566 1323 2661 itaque
1347 2566 1385 2639 ἃ
1406 2562 1480 2664 ipse
1503 2568 1585 2643 Rex
1603 2574 1730 2651 multae

535 2666 645 2740 habet
667 2668 854 2761 conjugum
873 2664 977 2738 titulo
997 2658 1060 2737 libi
1075 2686 1119 2736 oo
1147 2662 1257 2737 ulatur
1270 2660 1446 2739 laminas:
1471 2660 1511 2738 ἃ
1526 2664 1608 2742 citur
1623 2664 1729 2744 duur

534 2762 720 2857 displicet,
744 2784 816 2834 non
839 2761 1045 2842 dimittitur,
1069 2756 1103 2833 se
1150 2760 1294 2857 impune
1315 2760 1384 2833 alia
1405 2759 1590 2837 assumitur.
1639 2764 1730 2861 Quo

534 2858 678 2957 quidem
699 2860 917 2944 velamento,
938 2856 1029 2929 belle
1052 2850 1185 2929 scilicet
1199 2856 1367 2931 adulteria
1384 2858 1444 2931 sua
1455 2908 1468 2945 ,
1493 2855 1729 2956 spurcisimas·

532 2978 605 3051 que
633 2952 883 3047 fornicationes
914 2954 986 3049 tegi
1016 2952 1237 3027 arbitrantur.
1286 2950 1427 3029 infinita
1448 2978 1535 3029 vero
1557 2956 1627 3031 alia
1650 2956 1731 3033 suut

532 3052 662 3125 horum
685 3048 1007 3147 Anabaptist'aruru,
1031 3052 1283 3123 non'errorum
1305 3072 1367 3125 aut
1391 3046 1571 3126 haereliurn
1584 3054 1727 3129 nornine

534 3148 663 3259 dignu,
689 3144 748 3220 sed
772 3147 853 3219 talia
876 3143 1077 3240 paradoxa,
1107 3162 1147 3218 at
1171 3146 1316 3219 omniuo
1339 3145 1555 3222 Antichristo
1575 3170 1726 3225 venturo

383 3244 388 3251 '
534 3265 629 3317 vrarn
646 3244 812 3325 sternere,
838 3242 955 3317 omnia
975 3241 1131 3336 legitima
1146 3242 1313 3337 imperia,
1329 3240 1441 3319 bonas
1454 3246 1567 3343 leges,
1592 3242 1727 3323 Ortho-

534 3340 662 3415 doxam
677 3334 897 3434 Religionem
919 3334 1141 3422 subvertere,
1164 3336 1426 3432 probitatemac
1440 3342 1605 3415 virtutem
1623 3344 1728 3419 evita

533 3438 685 3511 humana
702 3434 847 3519 tollere,
866 3433 1059 3517 naturalia,
1074 3430 1214 3521 divina,
1230 3434 1417 3533 civiliaque
1429 3436 1508 3533 jura
1522 3436 1624 3513 semel
1641 3463 1728 3517 con·

533 3532 683 3607 fundere
699 3532 791 3606 velle
805 3528 1003 3603 videantur.
1027 3524 1192 3618 Quorum
1207 3524 1233 3603 fi
1253 3552 1398 3607 conatus
1412 3528 1728 3633 processerit,quae

533 3621 1725 3727 rursurbarbarier‚quantuimmanitasignorantiaque,&qualeuarn

533 3722 576 3801 lit
597 3720 752 3799 funtrum
770 3726 872 3820 hujus
890 3722 985 3798 orbis
1000 3723 1131 3812 chaos,
1156 3720 1355 3797 Sanbiitatia
1371 3724 1466 3801 Tuae
1486 3724 1629 3825 infignis
1640 3754 1724 3826 pru·

533 3820 650 3911 dantia
663 3811 738 3915 ipsa
797 3842 814 3893 r
830 3817 864 3893 se
879 3818 1098 3932 perpendere
1106 3820 1232 3917 potest
1255 3817 1503 3922 Coepitautem
1513 3825 1723 3901 hocmaluur

439 3964 443 3978 ·
531 3917 628 4013 apud
642 3938 707 3990 noe
717 3966 729 4003 ,
760 3916 802 3991 ed
814 3932 909 3989 tanta
927 3938 1001 3989 eus
1019 3916 1069 3991 est·
1083 3914 1268 4013 contagio,
1292 3934 1332 3988 ut
1348 3916 1501 3993 citillime
1516 3921 1628 3995 aliast
1674 3924 1683 3937 ⁰

530 4034 594 4086 nes
605 4010 828 4108 nationesque
843 4006 916 4085 inse
953 4008 1091 4096 urallt,
1109 4010 1170 4086 uili
1189 4012 1249 4087 bic
1262 4008 1368 4089 semel
1382 4016 1427 4090 ab
1448 4010 1531 4113 ipsis
1547 4020 1654 4095 radici
1679 4043 1720 4093 ur

528 4106 682 4183 excisum
703 4107 818 4183 fuerit.
867 4106 947 4183 Nos
970 4109 1059 4185 vero
1081 4106 1303 4199 nortorum,
1326 4130 1367 4185 ut
1380 4108 1596 4189 commissum
1618 4115 1722 4190 nobit

525 4206 628 4302 hujus
641 4204 794 4283 dioecelir
814 4204 1024 4304 ditionisque
1039 4209 1192 4304 regimen
1207 4209 1305 4281 omni
1323 4208 1505 4305 vigilantia
1523 4211 1723 4305 obireqrus,

525 4321 728 4401 tantumque
751 4303 883 4402 pestem
904 4303 948 4383 ab
971 4302 1091 4380 uoliro
1111 4304 1249 4402 populo
1274 4306 1573 4405 propellerentur,
1594 4306 1725 4419 verium

1591 4424 1722 4493 emm»
