3967 5167
282 541 486 639 ‘aaran
516 478 826 683 snuncrn
853 564 921 636 m
950 541 1283 642 ntvunsos.
1339 577 1400 668 97

91 720 93 791 ἶ
193 723 483 822 „peritissimum
509 721 977 820 ira-expariaequussuisti,
1005 725 1397 826 rogo,qulmmaxime
1476 755 1483 760 ·

91 816 93 851 l

193 867 219 902 η
243 821 400 920 possum,
432 841 474 900 ut
491 823 669 918 judicium
690 841 789 896 tuum
817 822 916 922 typis
941 820 1198 900 informandum
1221 825 1331 909 edas,
1350 850 1412 898 eo·

1238 1017 1241 1024 Ι
1272 963 1295 1000 rr
1321 941 1392 1019 quo

91 1176 92 1179 ,
147 1200 156 1224 ‚
191 1127 322 1209 buere,
349 1143 458 1216 atque
489 1131 630 1198 indubie
655 1131 703 1197 ita
723 1128 757 1199 se
784 1148 840 1199 res
869 1131 985 1200 habet.
1029 1129 1137 1216 Quod
1163 1131 1184 1198 sr
1206 1131 1293 1199 verb
1317 1115 1392 1204 baec

195 1213 309 1280 nostra
333 1217 523 1300 explicatio
545 1214 758 1299 displicebit,
777 1215 813 1280 id
834 1230 949 1282 tamen
968 1233 1012 1280 ex
1032 1219 1208 1281 communi
1227 1219 1391 1302 opinione

91 1346 92 1355 ,
193 1297 265 1361 erit
289 1298 571 1373 concedendum,
593 1298 754 1374 indubio
781 1299 947 1365 debitoris
971 1299 1113 1366 nomine
1127 1299 1283 1376 solutum
1306 1320 1392 1370 vero

193 1377 364 1445 creditori
387 1381 502 1447 videri
522 1379 587 1466 (x)
611 1380 798 1447 secundum
820 1382 912 1463 quod
932 1380 970 1448 dc
990 1380 1083 1448 Pausi
1104 1381 1170 1466 (y)
1194 1382 1400 1466 responsum,

194 1462 403 1557 intelligitur
412 1466 456 1530 de
471 1462 627 1558 omnibus
643 1464 737 1547 quod
754 1463 799 1530 stc
808 1464 842 1531 se
863 1464 985 1558 habet:
996 1465 1169 1548 Repetitio
1182 1467 1274 1531 nulla
1287 1466 1335 1566 ‘fi
1348 1469 1391 1534 ab
1458 1513 1464 1520 -

193 1562 239 1610 eo
262 1564 322 1628 qut
342 1547 439 1614 suum
460 1561 620 1629 recepit,
650 1546 781 1614 tametsi
806 1547 848 1612 ab
864 1547 937 1612 alto
959 1545 1061 1630 quarn
1083 1567 1103 1613 a
1123 1567 1208 1614 vero
1229 1549 1388 1617 debitore

91 1660 93 1673 ·
191 1628 345 1693 lblututn
373 1629 431 1695 est.
473 1627 712 1712 Quamobrem
741 1647 785 1695 ex
807 1626 875 1697 boc
897 1628 1077 1700 intellectu
1099 1647 1169 1696 non
1192 1632 1390 1700 adversatur

192 1710 312 1775 Paulus
332 1710 501 1797 Pmnpum'o.
544 1711 665 1776 Paulas
690 1713 781 1778 enim
799 1712 987 1780 seeundum
1011 1712 1046 1777 id
1071 1715 1165 1798 quod
1187 1717 1389 1801 regulariter
1514 1785 1517 1796 ,

193 1796 317 1860 evenit
336 1812 440 1878 atque
460 1793 678 1872 observatur,
702 1809 803 1879 negat
825 1798 1097 1879 repetitionem,
1129 1795 1305 1884 Pomponius
1328 1819 1388 1868 au·

91 1938 92 1947 ,
196 1891 270 1943 tem
293 1897 336 1943 eo
359 1877 440 1943 casu
463 1878 636 1962 permittit
654 1896 723 1962 quo
743 1877 908 1962 ejusmodi
924 1878 1095 1947 solutione
1116 1891 1186 1946 tlon
1202 1881 1282 1948 esset
1303 1883 1387 1952 libe·

91 2216 93 2281 ἶ
193 2209 307 2276 hodie
323 2209 507 2278 Germania
528 2211 642 2277 nostra

91 3512 93 3587 ἶ
189 3457 387 3628 ἐῆ(’(1ξ1ῃ)μι118ε
403 3559 446 3607 eo
462 3540 636 3606 creditore
653 3541 787 3625 agitur,
807 3539 866 3622 qui
879 3557 951 3604 rern
963 3539 1115 3605 debitam
1130 3545 1278 3626 recepit:
1293 3545 1378 3619 hoc,

91 3616 92 3697 Ϊ
189 3626 301 3708 inquit
318 3624 396 3698 ille,
416 3619 535 3700 sensu,
563 3623 648 3687 nihil
668 3623 718 3690 est
737 3621 939 3718 supplicius,
961 3623 1044 3688 nihil
1064 3625 1179 3690 verbis
1205 3625 1379 3711 Jtariscon·
1411 3641 1417 3650 ¹

197 1975 292 2026 ratus
308 1960 460 2037 debitor,
481 1962 516 2028 id
542 1960 609 2036 est,
629 1963 844 2048 quoaliquis
871 1960 932 2026 suo
959 1965 1099 2030 nornine
1122 1963 1280 2032 solvisset.
1321 1967 1387 2033 At-

190 2045 314 2126 quein
335 2047 424 2109 hanc
443 2043 645 2110 sententiani
658 2043 981 2129 Jurisconsultotum
1007 2043 1163 2130 responsa
1178 2048 1387 2132 interpreta-

91 2156 93 2169 ι
194 2143 250 2192 tus
273 2127 322 2192 est
344 2125 506 2193 Udolrr'ms
527 2126 637 2209 Zofitu
656 2129 719 2275 ἵ)
744 2128 899 2224 omnium
926 2127 1272 2226 Jurisconsultorum‚
1298 2151 1386 2230 quos

691 2210 796 2288 abet,
816 2211 919 2278 sactle
938 2227 1127 2296 princeps,
1148 2231 1228 2280 cunt
1250 2231 1386 2282 antino·
1517 2249 1523 2261 =

192 2294 298 2359 msam
311 2293 352 2358 ab
369 2291 530 2359 Gmlielmo
542 2293 652 2360 sumo
666 2306 864 2360 annotatam
879 2296 963 2380 (aa)
983 2295 1284 2366 animadvertisset.
1299 2299 1387 2367 Suc-

192 2375 287 2442 cell'rt
309 2389 426 2442 autern
446 2375 563 2460 postca
586 2378 800 2460 temporibus
825 2379 866 2443 iis
886 2379 1007 2460 quibus
1028 2395 1090 2444 nos
1111 2381 1146 2444 in
1167 2380 1310 2448 Francia
1326 2383 1386 2448 ha-

91 2482 93 2541 ;
195 2460 400 2533 bitavimus,
431 2459 541 2524 Petrus
564 2457 655 2524 Stella
672 2460 921 2526 Aurelianense
940 2460 1139 2526 Academiae
1156 2463 1286 2544 primus
1305 2483 1387 2548 pro-

195 2542 321 2622 sessor,
339 2543 397 2607 vir
420 2541 575 2638 apprime
594 2542 734 2617 doctus,
755 2543 792 2609 ἀ
807 2543 842 2605 in
858 2542 1046 2608 enodandis
1070 2543 1160 2628 Juris
1176 2544 1388 2614 difficultati·

193 2625 256 2692 bus
287 2625 495 2690 admirabilis
517 2623 690 2690 industriae
717 2641 759 2691 ac
780 2624 919 2709 ingenii.
959 2625 993 2691 Is
1016 2623 1163 2694 ostendit
1189 2629 1277 2712 (bb)
1300 2631 1384 2698 illud

191 2707 362 2776 dislidium
377 2707 628 2774 contrariarum
651 2707 766 2794 legum
779 2705 873 2792 posse
894 2707 960 2774 alia
974 2710 1106 2777 ratione
1126 2729 1167 2777 ac
1185 2713 1295 2779 multo
1310 2717 1386 2798 qui-

91 2788 92 2813 *
192 2793 275 2859 dent
300 2792 475 2875 apertiore
499 2789 651 2857 dissolvi:
675 2809 776 2874 quam
795 2791 940 2857 miratur
960 2794 1054 2875 prius
1076 2811 1145 2858 non
1170 2797 1385 2866 animadver-

195 2875 306 2970 samja
330 2887 385 2939 tot
402 2873 652 3022 (praestantibus
677 2875 953 2957 interpretibus,
980 2877 1102 2958 quibus
1128 2879 1303 2948 interdurn
1323 2881 1383 2947 usu
1488 2883 1492 2893 '

191 2971 496 3110 dglrlalttffiooelum
515 3041 673 3105 intuetur
695 3041 880 3114 intentius,
910 3041 946 3106 in
967 3040 1122 3110 scrobem
1143 3061 1224 3111 ante
1245 3047 1277 3113 se
1297 3048 1385 3112 inci-

91 3156 93 3181 ι
184 3125 265 3206 dit,
287 3141 354 3207 quo
377 3124 482 3189 modo
504 3121 541 3190 dc
560 3121 748 3199 Doctores,
767 3124 849 3190 dum
872 3125 971 3190 nimis
991 3125 1145 3192 subtilem
1163 3127 1322 3196 asseslant
1335 3131 1384 3196 le-

91 3274 92 3283 ,
157 3225 167 3230 ·
194 3227 277 3296 gum
298 3206 584 3292 intelligentiam,
607 3205 649 3272 ab
677 3207 782 3272 obvio
804 3207 1028 3290 expositoque
1052 3210 1085 3275 le
1111 3229 1167 3274 um
1190 3209 1286 3277 sensu
1307 3214 1382 3276 lon-

190 3291 316 3374 gilstme
339 3290 512 3356 interdum
530 3290 702 3358 aberrant.
742 3289 795 3354 Ex
822 3291 913 3356 illius
935 3291 1042 3376 igitur
1089 3295 1243 3358 ententia
1263 3293 1297 3357 id
1318 3313 1383 3359 vo·

91 3346 92 3431 Ῠ
191 3375 256 3440 luit
274 3373 389 3439 Paulus
402 3373 496 3523 dcc)
520 3372 649 3439 nullam
665 3368 732 3438 else
753 3373 998 3456 repetitionem
1016 3373 1058 3438 ab
1077 3393 1120 3442 eo
1140 3377 1197 3455 qui
1211 3379 1320 3458 suum,
1344 3379 1378 3444 id

425 3458 560 3522 ominus
589 3456 660 3534 est,
681 3457 827 3539 re‘cepit.
868 3456 909 3520 ln
930 3455 1084 3540 Pomponii
1103 3471 1217 3522 autem
1242 3459 1380 3544 respon-

192 3705 360 3773 sultorum
382 3706 520 3798 aptius,
549 3722 618 3786 quo
639 3707 750 3770 omnis
774 3705 964 3800 rmproptia
987 3703 1246 3791 suppletivaque
1273 3713 1381 3777 inter-

188 3790 343 3874 pretatio
354 3799 522 3853 evitatur.
562 3787 662 3852 Alius
688 3786 801 3866 verb,
821 3804 881 3869 'qut
901 3788 1008 3872 vulgo
1029 3806 1190 3875 receptus
1208 3791 1271 3866 esi,
1291 3812 1380 3877 prae-

188 3887 341 3955 terquam
355 3868 449 3953 quod
467 3868 705 3935 divinatoriam
723 3871 904 3953 quamdam
921 3871 1142 3940 subtilitatem
1153 3887 1225 3956 prae
1244 3873 1278 3940 se
1294 3875 1378 3952 sert,

91 4010 92 4015 ,
187 3955 333 4022 attidem
351 3951 470 4018 audon
483 3952 715 4028 demonstrat,
735 3971 804 4018 non
821 3953 878 4019 nisr
894 3954 930 4018 vi
942 3957 1106 4038 quadam,
1122 3959 1382 4044 verborumque

187 4038 377 4122 impropria
400 4035 647 4119 significatione
666 4054 708 4102 eo
721 4035 923 4103 ¹intruditur.
962 4040 1204 4122 Quamobrem
1222 4041 1382 4111 adversus

173 4122 341 4207 lostam,
368 4119 563 4184 communis
591 4119 764 4202 opinionis
786 4117 959 4184 strenuum
980 4121 1202 4202 assertorem,
1231 4129 1381 4212 graviter

185 4205 364 4277 invehitur
381 4217 515 4270 tantum
542 4219 615 4268 non
645 4200 778 4268 famoso
810 4203 953 4282 libellis,
981 4203 1072 4288 quast
1098 4209 1157 4289 qui
1174 4209 1286 4277 lucem
1309 4227 1380 4280 tam

186 4302 317 4371 apertae
342 4287 576 4371 intelligentiae
594 4285 748 4368 aspicere
768 4285 939 4352 detrectet
951 4291 970 4362 ,⁶
990 4301 1129 4372 tamque
1150 4293 1381 4362 admirandam

186 4370 475 4530 ejtssosscipmtem
491 4386 563 4439 nou
578 4370 690 4439 obviis
710 4371 801 4490 uluis
823 4371 996 4527 exffiipiat,
1016 4373 1292 4506 palinodiamque
1314 4393 1386 4522 tffi

444 2956 488 3022 de
512 2956 629 3022 sbolete
647 2955 849 3041 philosopho
865 2957 1042 3040 proditum
1067 2959 1133 3027 est.
1153 2963 1212 3045 qui
1231 2963 1311 3028 dum
1329 2963 1397 3046 sy-¹
1505 2965 1509 2971 '
