3967 5167
543 478 608 611 ,3⁶
636 476 876 577 VIGLII
907 468 1271 575 au-AYTTA
1305 474 1695 575 ZUICHEMI.

549 678 667 749 mandi
689 701 708 751 a
732 702 787 753 me
801 664 897 754 erant
912 682 1019 777 magia
1038 680 1234 754 domesticis
1248 670 1767 777 tortionibusssrudimemisque

549 770 678 846 nostrae
703 774 917 870 professionis
940 779 1150 862 imbuendi,
1183 798 1262 869 quae
1289 777 1435 869 publice
1461 778 1658 851 insoeiicioer
1687 803 1757 852 tra-

551 868 710 955 duntur,
745 875 839 967 quod
875 874 1098 967 ineptissrmos
1129 871 1282 967 quosque
1311 875 1348 946 &
1373 875 1633 966 imperitissimos
1662 878 1753 959 huc,

553 965 647 1058 quafi
668 971 710 1041 ad
728 972 797 1043 vile
815 972 957 1065 aliquod
982 991 1103 1040 munus
1125 1019 1136 1053 ,
1162 972 1343 1059 relegant,
1368 967 1448 1041 curn
1469 973 1636 1043 tamenin
1655 974 1755 1043 omni

550 1082 615 1143 re,
651 1064 950 1138 fundamentorum
979 1066 1092 1155 prima
1120 1067 1368 1158 praecipuaque
1398 1066 1486 1137 ratio
1512 1065 1578 1139 esse
1614 1067 1753 1161 debeat.

550 1157 668 1253 Atque
685 1161 723 1233 ut
740 1166 790 1241 ¹ad
810 1161 961 1254 praesens
978 1158 1130 1232 seculum
1150 1160 1399 1233 iustitutionem
1423 1163 1751 1247 accommodarem,

550 1256 675 1327 dabam
702 1278 800 1329 antea
831 1279 991 1351 operam,
1017 1278 1058 1328 ut
1087 1258 1279 1351 separatas,
1305 1259 1402 1349 vulgi
1426 1258 1577 1351 judicio,
1602 1258 1696 1350 Juris
1715 1264 1754 1334 δι

549 1350 717 1424 bonarum
734 1356 907 1425 literarum
924 1351 1140 1448 disciplinas,
1166 1376 1247 1444 quae
1257 1355 1341 1423 olim
1358 1356 1553 1447 conjuusiae
1568 1378 1685 1436 erant,
1714 1358 1751 1429 &

547 1444 684 1539 semper
702 1446 927 1542 sapientissimi
944 1447 1111 1544 cujusque
1127 1446 1291 1543 suffragio
1303 1451 1481 1521 cohaerere
1500 1451 1652 1534 debent,
1676 1452 1750 1545 ipse

548 1542 759 1637 conjunstim
775 1548 823 1618 eis
842 1548 1036 1629 traderem,
1062 1548 1159 1639 quod
1178 1546 1326 1619 multum
1348 1542 1429 1640 ipsss
1449 1548 1608 1641 proderit
1632 1550 1677 1620 ad
1700 1549 1750 1621 sa·

361 1686 367 1707 ·.
476 1661 481 1675 ’
546 1640 702 1709 ciliorem
725 1640 940 1735 sequentium
971 1642 1162 1714 studiorum
1192 1663 1464 1735 perceptionem.
1513 1638 1608 1717 Satis
1630 1666 1747 1717 autem

546 1734 712 1807 haetenus
730 1738 824 1808 domi
849 1737 1022 1813 institutos
1040 1762 1082 1811 ac
1099 1734 1270 1833 spotiatus
1291 1739 1326 1809 in
1350 1738 1495 1831 publica
1514 1760 1609 1812 uunc
1638 1744 1745 1834 majo·

545 1852 623 1901 rurn
650 1832 876 1924 professorum
904 1836 1037 1905 theatra
1067 1860 1130 1908 eos
1156 1834 1323 1918 deduco,
1348 1836 1533 1928 delegique
1559 1858 1602 1907 ex
1631 1839 1746 1909 mustis

545 1926 794 2021 professoribus
817 1954 940 2015 unum,
972 1952 1077 2023 quem
1096 1928 1247 2003 studioffi
1268 1928 1333 2023 ipsi
1356 1954 1492 2005 mecum
1511 1931 1662 2003 audiant.
1709 1933 1744 2006 Is

546 2022 596 2095 est
621 2026 823 2097 Mantuanus
850 2028 922 2122 (3)
949 2030 1118 2121 quidam,
1151 2029 1223 2098 acri
1246 2027 1411 2120 ingenio,
1435 2025 1534 2099 fideii
1556 2031 1745 2115 memoria,

500 2158 514 2183 ·
545 2142 586 2191 ea
603 2125 908 2217 pronuntiatione,
934 2144 1015 2215 quae
1035 2122 1478 2196 attentionenauditomm
1500 2125 1649 2197 retinere
1663 2124 1745 2217 pos·

545 2214 604 2289 stt:
631 2240 839 2291 concurrens
866 2219 929 2313 (ut
954 2220 1012 2289 hic
1029 2216 1231 2312 loquimur)
1256 2218 1302 2289 D.
1315 2216 1527 2308 Franufchr'ni
1547 2221 1648 2291 Curtii
1667 2221 1742 2315 (4)

398 2374 423 2389 s,
543 2310 632 2395 senis
653 2316 784 2409 egregii
811 2318 847 2389 &
873 2316 962 2387 bene
977 2311 1094 2401 dosii,
1119 2312 1178 2386 sed
1197 2337 1264 2408 ego
1286 2311 1423 2385 alterius
1437 2314 1659 2407 'diligentiam
1681 2321 1744 2389 hu·

540 2412 594 2505 jus
620 2410 822 2483 authoritati
848 2411 1044 2506 praehabeo.
1110 2410 1233 2481 Curtius
1259 2410 1294 2480 in
1319 2406 1456 2502 fastigio
1492 2410 1624 2503 positus
1661 2435 1743 2487 aeta·

544 2506 614 2591 tis,
646 2508 890 2603 opinionisque
925 2512 1055 2582 dudum
1078 2502 1228 2600 qutefitae
1258 2505 1495 2599 praejudicio,
1520 2507 1659 2583 securus
1681 2510 1742 2581 est.

542 2600 623 2693 Ego
641 2604 718 2675 illos
742 2626 858 2675 autem
882 2606 1002 2697 potius
1023 2602 1213 2675 audiendos
1240 2601 1362 2674 censeo
1383 2602 1591 2694 juvenibus,
1616 2607 1678 2698 qui
1697 2607 1744 2679 ad

543 2701 715 2770 honorem
749 2698 970 2786 eludantur,
1013 2696 1310 2793 superioribusque
1342 2721 1443 2791 pares
1474 2696 1540 2771 esse
1573 2702 1743 2775 nituntur.

542 2788 803 2888 Praeceptorum
824 2796 917 2866 enim
937 2797 1057 2869 talium
1085 2816 1231 2866 conatus
1252 2794 1406 2865 excitant
1431 2796 1534 2867 etiam
1555 2799 1744 2890 plurimum

504 2888 506 2893 ’
542 2891 738 2963 auditorum
755 2890 875 2963 studia.
902 2890 984 2964 Post
1001 2891 1176 2962 meridiem
1196 2888 1381 2985 profitetur
1407 2892 1536 2963 Socinut
1561 2891 1638 2985 (5)
1665 2896 1740 2989 qui·

541 2988 620 3058 dam
652 2986 871 3060 haereditaria
902 2987 1190 3088 Jurisprudentiae
1211 2985 1313 3059 'dote
1343 2983 1515 3085 infignit,
1539 2985 1602 3063 sed
1626 3009 1756 3109 tamen,

1650 3108 1744 3162 nure

582 3268 597 3352 (
608 3266 650 3351 3)
672 3264 883 3417 mffinw]
914 3264 1053 3337 Marcus
1074 3266 1118 3333 de
1140 3264 1286 3333 Mantua
1312 3263 1504 3331 Beuavites.
1525 3261 1566 3329 V.
1588 3262 1674 3331 Not.
1696 3262 1742 3332 ad

537 3351 656 3418 Vitam
673 3370 707 3417 u.
814 3400 822 3417 .
1030 3408 1035 3417 .
1257 3377 1259 3384 ·

583 3436 651 3517 (4)
677 3434 723 3499 D.
745 3430 943 3516 Frontisthini
968 3430 1097 3515 Curtii]
1122 3432 1175 3499 Ita
1203 3434 1238 3497 in
1262 3450 1323 3496 ms.
1345 3430 1435 3497 Cod.
1455 3430 1532 3512 plus
1560 3431 1641 3497 vice
1666 3430 1741 3495 fim-

565 3517 635 3584 iici.
675 3517 800 3601 Agitur
817 3516 860 3581 de
882 3514 1034 3597 Frnnrisco
1052 3516 1159 3579 Curtio
1177 3515 1333 3599 juniore,
1356 3514 1485 3594 dequo
1510 3514 1582 3580 loc.
1593 3517 1663 3599 jam
1680 3518 1743 3581 cit.

574 3602 737 3669 ernacule
748 3599 939 3663 vocabatur
952 3596 1142 3682 Francrffchiu
1156 3598 1194 3662 da
1213 3599 1324 3674 Corte,
1337 3598 1429 3679 quod
1445 3614 1500 3661 me
1512 3596 1634 3665 docuit
1649 3600 1739 3683 Bay·

539 3686 605 3751 lius
621 3688 656 3751 in
672 3682 761 3750 Dru.
778 3682 915 3746 Verbo:
939 3681 1126 3759 Aueiae
1147 3682 1190 3746 ad
1210 3683 1276 3747 litt.
1300 3682 1343 3746 D.

562 3770 645 3853 ·(5)
668 3764 808 3847 Sortitus]
832 3765 1027 3841 Marianus,
1048 3766 1092 3832 de
1110 3780 1180 3849 quo
1191 3766 1270 3830 ibid.
1314 3762 1395 3827 Erat
1418 3761 1608 3829 Alexandri
1631 3762 1739 3841 filius,

538 3855 678 3921 Mariam·
696 3862 822 3935 nepos,
844 3850 895 3913 uti
910 3848 1065 3933 intelligo
1083 3871 1127 3918 ex
1138 3850 1277 3915 diction.
1293 3846 1418 3929 Baylii,
1440 3847 1566 3929 uerbo:
1589 3847 1738 3913 Socrrt

542 3933 858 4021 (Mam-mus)
882 3933 995 4014 primo
1015 3935 1108 4003 loco.
1150 3933 1269 4015 Quare
1291 3930 1451 4013 corrige,
1469 3928 1564 4011 quod
1583 3932 1618 4021 iu
1648 3932 1740 3997 notis

537 4020 582 4091 ad
604 4019 721 4083 Vitam
742 4036 771 4085 a.
782 4016 875 4081 xxi.
895 4034 939 4083 ex
961 4016 1121 4104 Poggium}
1138 4015 1277 4083 adduxi.
1297 4012 1467 4095 Lepidum
1485 4012 1577 4078 enim
1599 4013 1740 4096 respon·

536 4102 611 4173 sum
631 4098 674 4169 ad
692 4104 779 4167 hanc
804 4098 1040 4182 quaestionem:
1064 4100 1215 4181 Pourquoi
1230 4098 1254 4161 il
1273 4096 1476 4180 discontinuoit
1489 4096 1539 4179 ses
1560 4097 1677 4180 cesum
1690 4097 1740 4161 de.

530 4192 605 4273 puis
620 4184 695 4270 qu’r'l
714 4190 803 4249 avoir
821 4202 878 4247 une
896 4183 1035 4268 femme,
1057 4200 1126 4246 non
1152 4182 1233 4245 huic
1256 4180 1400 4245 Mariano
1425 4180 1566 4255 nostro,
1588 4178 1646 4246 sed
1668 4186 1741 4265 ejus

534 4289 604 4337 avo
632 4266 752 4333 tribuit
777 4266 911 4349 Boylius.
961 4264 1087 4331 Noster
1114 4263 1172 4330 iric
1196 4264 1362 4328 Marianus
1389 4260 1530 4337 Societas,
1550 4264 1740 4331 hereditoria

533 4348 1013 4445 Jurisptudmriaedureirtsgnis,
1025 4346 1081 4437 sed
1093 4362 1190 4416 tamen
1201 4345 1277 4414 miri
1291 4352 1325 4414 in
1337 4345 1452 4430 tegendo
1462 4344 1656 4437 fastidiosus,
1676 4348 1739 4449 §eg
