3967 5167
106 155 126 258 i

345 548 533 647 EPIST.
563 545 867 647 SELECTAE
893 574 960 640 nu
989 543 1318 645 DIVERSOS.
1355 571 1439 660 1335

232 747 406 821 fatiem
430 743 612 820 manifesta
647 743 917 840 comprobavit.
947 745 1006 816 vel
1037 743 1181 818 Momua
1204 739 1296 836 ipse,
1334 745 1438 836 quod

232 843 475 936 repraehendat
503 843 664 914 invenire
696 839 840 936 pollici
878 838 967 928 Quo
997 861 1051 910 ma
1078 843 1107 912 is
1134 840 1241 910 miror
1274 841 1358 934 qnid
1391 837 1439 911 stt·

231 940 301 1012 laoc
324 940 420 1034 quod
449 939 534 1009 mibi
561 937 608 1011 de
638 935 914 1031 Saltabutgenfia
943 865 1109 1010 Eccleirae
1134 935 1322 1012 Canonicit
1347 957 1438 1009 con··

230 1039 417 1130 quereris,
447 1036 507 1128 qui
531 1033 594 1105 soli
618 1035 801 1118 damnant,
826 1032 922 1128 quod
957 1033 1002 1104 ab
1030 1027 1190 1104 omnibus
1215 1031 1321 1125 pleno
1345 1055 1427 1119 ore,

229 1150 352 1225 totque
392 1129 680 1222 gratulationibus
721 1131 955 1224 approbatum
1002 1128 1061 1200 est.
1120 1123 1220 1197 Abiit
1261 1129 1350 1202 verd
1391 1147 1438 1202 ut·

228 1228 306 1311 iili,
341 1228 401 1297 vel
426 1225 594 1308 invidia,
626 1228 684 1298 vel
710 1227 868 1298 avaritiae
901 1223 1004 1298 causa
1028 1225 1145 1318 impiae
1170 1225 1271 1317 hujus
1298 1221 1437 1296 senten·

229 1325 291 1397 tiae
316 1323 482 1396 authores
506 1319 603 1392 fiant.
659 1321 730 1393 Sed
762 1324 916 1395 nondum
950 1320 1097 1393 fontalis
1129 1319 1221 1393 reste
1249 1339 1349 1392 tanta»
1377 1343 1436 1394 res>

229 1419 367 1492 abillis
397 1415 570 1512 perpensa
594 1435 699 1511 atque
725 1418 921 1490 examinata
944 1413 1024 1501 eii,
1057 1418 1094 1490 dc
1128 1415 1220 1486 aliud
1253 1413 1404 1488 sentient
1415 1467 1433 1501 ‚.

231 1517 297 1587 ubi
317 1514 533 1606 diligentius-
548 1513 760 1606 cogitarim,
785 1511 1054 1607 posterioribus,
1080 1529 1120 1586 ut
1145 1511 1260 1607 inquit
1286 1533 1438 1606 prover·

228 1609 355 1690 bium,
389 1608 524 1702 semper
550 1608 778 1693 melioribus,
804 1607 842 1680 δι
868 1610 931 1702 qui
949 1627 1052 1682 antea
1079 1625 1179 1703 poena
1201 1609 1435 1682 coercendam·

230 1703 420 1779 absentiam
434 1703 627 1798 putabant,
652 1727 689 1776 re
705 1707 829 1778 melius
841 1703 1008 1790 disculsa,
1033 1705 1179 1799 praemio
1194 1705 1331 1797 dignam
1349 1727 1435 1778 cen-

229 1798 362 1873 lcbunt
410 1797 563 1872 Acceilit
586 1802 682 1872 enim
708 1802 859 1894 collegio
880 1823 1001 1874 eorum
1030 1821 1101 1873 non
1128 1801 1302 1873 mediocre
1327 1823 1435 1876 orna·

231 1917 384 1971 mentum
398 1915 457 1968 tua
472 1893 610 1991 parturn
630 1898 782 1980 virtute,
808 1919 887 1968 nam
904 1898 1019 1972 &tua
1045 1895 1214 1990 dignitate
1231 1900 1432 1971 communic

230 1997 320 2066 ordo
339 1992 603 2076 cohonestatur,
628 1989 665 2062 dt
681 1995 766 2088 quid
783 1995 870 2076 illia,
895 1991 919 2064 st
935 1989 1171 2066 Christianam
1194 2015 1344 2066 mentem
1365 1995 1432 2066 ba·

108 2095 114 2102 '
231 2087 359 2174 beant,
383 2090 512 2182 gratius
527 2085 595 2161 etse
613 2088 737 2174 debet,
762 2089 867 2184 quam
885 2090 982 2182 quod
1003 2111 1066 2184 per
1087 2111 1122 2161 te
1141 2089 1298 2162 locorum
1314 2089 1432 2163 sacro·-

231 2183 456 2265 ruminum,
480 2205 724 2272 monumenta,
753 2184 792 2257 dc
818 2207 959 2258 omnetn
989 2187 1260 2277 antiquitatem,
1292 2189 1437 2280 plenam

229 2281 409 2374 religionis
427 2275 467 2352 ἃ
488 2281 754 2376 mysteriorum,
782 2282 904 2354 audire
928 2282 1163 2376 colligereque
1180 2282 1332 2375 politur?
1358 2281 1433 2354 Sed

228 2375 453 2450 accusationis
471 2371 584 2448 status
595 2378 632 2447 in
650 2380 722 2451 hoc
736 2378 803 2460 est,
828 2377 926 2472 quod
945 2375 1014 2448 fine
1032 2375 1184 2469 ipsorum
1208 2375 1367 2471 permissu
1383 2379 1435 2478 ab

229 2473 420 2547 Academia
435 2467 610 2557 abfueris,
627 2471 707 2545 ciam
722 2474 945 2545 recreationis
959 2490 1091 2544 tantum
1111 2493 1196 2563 ergo
1211 2495 1318 2544 unum
1334 2495 1432 2546 men·

230 2566 301 2642 sem
324 2564 442 2640 abesse
462 2567 550 2639 citra
572 2567 712 2642 veniam
737 2569 892 2641 licuerit:
915 2566 973 2639 sed
998 2587 1040 2639 tu
1062 2567 1178 2662 quaeso
1204 2570 1289 2642 mibi
1306 2570 1430 2654 dicas..

231 2685 323 2736 anne
343 2685 473 2757 putat,
497 2683 579 2748 eoa,
603 2665 664 2759 qui
687 2663 814 2736 statuta
840 2663 914 2758 ipra
938 2663 1228 2758 conscripserunt,
1254 2663 1340 2740 lide
1358 2667 1431 2740 hac

230 2760 411 2856 religionis
427 2756 527 2832 causa
551 2762 670 2854 rogati
686 2757 844 2842 fuiffent,
867 2780 937 2833 tres
961 2759 1156 2833 indulturos
1183 2759 1334 2846 menses,
1360 2768 1430 2857 qui,

229 2857 411 2950 voluptati
429 2874 537 2926 unum
548 2858 764 2929 tribuerant?
780 2857 840 2928 ‘At
851 2859 897 2929 de
913 2860 979 2931 hac
995 2879 1032 2928 te
1045 2855 1133 2946 nihil
1148 2879 1296 2932 cautum.
1324 2859 1430 2954 Quid

231 2953 335 3026 turni
366 2953 424 3024 An
443 2951 601 3045 iniquum
622 2953 717 3038 erit,
747 2953 918 3048 quicquid
939 2956 1014 3026 illic
1038 2975 1108 3026 non
1131 2953 1179 3027 est
1204 2954 1430 3050 exprellum‘l'

230 3048 318 3122 Non
334 3048 475 3146 poliunt
500 3069 620 3119 omnes
645 3047 763 3132 casus,
781 3050 895 3145 inquit
916 3047 1201 3142 jurisconsultus,
1226 3054 1302 3144 lege
1326 3075 1430 3124 cotn-

228 3147 429 3241 praebendi,
453 3142 519 3216 sed
533 3143 691 3232 omilloa,
717 3167 761 3220 ex
779 3144 1028 3229 fimilitudine,
1048 3148 1235 3242 aequbace,
1262 3151 1426 3234 ratione..

229 3243 466 3337 dijudicamus.
525 3240 575 3312 Ec
590 3239 671 3315 ciant
745 3241 884 3315 stulant't
906 3245 970 3314 tibi
996 3265 1068 3314 non
1095 3246 1252 3336 potuerit
1275 3247 1419 3332 negari,

228 3338 312 3436 quid
337 3339 547 3434 querimus,
569 3359 612 3408 an
637 3359 686 3431 po
715 3339 845 3410 ulatum
866 3335 1134 3432 conceffumque
1160 3335 1295 3411 fueriti·
1318 3337 1431 3412 Vale-⁴

227 3435 329 3510 bitne
360 3435 563 3516 statutum,
592 3451 634 3504 ut
654 3435 743 3505 nulli
767 3433 979 3508 concedatur
1013 3430 1295 3528 Hierosolymam
1324 3459 1424 3530 peres

230 3531 381 3625 grinari,
405 3530 485 3622 quia
506 3527 669 3601 advertus
687 3530 800 3603 bonos
818 3553 956 3614 mores,
981 3527 1145 3604 advertus
1160 3530 1364 3624 religionem
1385 3535 1428 3608 δι.

229 3626 1148 3814 ildlzttssldd‘tassiiilababli
1174 3629 1346 3816 illut„
1358 3633 1428 3799 Ei?

231 3819 368 3895 sterteri
381 3867 400 3899 a
427 3837 471 3888 ne
492 3773 601 3888 facici
621 3815 718 3910 quod
740 3822 842 3892 vovit
853 3747 897 3889 lp
905 3819 1006 3913 Quid
1029 3746 1238 3894 absurdis?
1262 3817 1372 3908 Quod
1396 3818 1426 3894 sa

229 3915 349 4007 itaque
376 3935 442 3987 nec
462 3913 540 3998 lex,
565 3932 631 3982 nec
652 3915 816 3987 voluntat
838 3915 1041 4011 cu'nsquam
1066 3913 1238 4010 impedire
1256 3917 1346 3989 banc
1371 3934 1430 3991 re-¹

228 4015 424 4108 Hgionem,
449 4008 516 4080 cui
539 4009 648 4080 multa
670 4029 690 4079 a
719 3939 950 4083 Pontificibus
981 4010 1064 4104 iplis
1090 4010 1225 4082 indulta
1253 4015 1426 4107 legimus,

279 4111 379 4192 tuit,
414 4104 500 4200 quid
527 4103 570 4177 de
591 4103 758 4198 permiisu
775 4103 988 4200 disputamus
999 4107 1021 4176 ‘3-
1043 4105 1125 4197 Qui
1149 4129 1234 4180 vero
1257 4107 1426 4204 ejusmodi

260 4221 447 4275 tatutorurn
476 4201 658 4274 calumniis
683 4201 882 4290 inbaerent,
913 4199 1092 4276 manifeste
1110 4199 1324 4294 ostendunt,
1356 4231 1428 4282 nec

231 4300 397 4383 bumana,
423 4321 492 4371 nec
508 4297 633 4370 divina
643 4295 731 4388 Jura
747 4296 827 4372 satia
845 4296 880 4372 fe
895 4300 1091 4396 intelligere
1104 4355 1124 4398 ,¹
1139 4297 1198 4377 au't¹
1213 4306 1359 4390 callere,
1385 4305 1429 4375 &r

229 4396 435 4492 religionem
465 4414 593 4491 magno
612 4391 653 4472 dt
677 4393 880 4589 mdibiii
896 4393 1064 4481 scandalo
1082 4421 1301 4502 oppugnaret
1354 4395 1432 4569 Ἦ

314 4542 320 4560 .
903 4514 928 4588 g
1339 4513 1378 4570 to
1405 4504 1408 4516 '
