3967 5167
466 492 470 495 ’
525 542 605 652 198
635 524 869 623 vioiii
896 548 965 619 ir
995 523 1258 621 AYTTA
1285 480 1669 623 zuieiraiui

526 712 663 789 terdnm
685 712 731 786 ad
761 732 796 785 te
818 706 956 784 occasio
977 704 1087 795 esset,
1111 709 1149 781 ni
1170 705 1331 783 risioni
1358 712 1463 808 hujus
1490 714 1644 790 moneris
1669 735 1738 789 no·

526 833 591 886 vus
616 830 658 883 ac
682 809 833 883 insuetur
856 807 980 895 labor,
1007 806 1093 879 dum
1110 804 1210 881 simul
1231 806 1271 880 &
1294 805 1542 885 Germanicam
1556 812 1735 907 linguam,

529 910 567 981 dc
586 905 755 980 sorensem
777 903 916 998 praxim
944 898 1099 976 eradius
1129 900 1291 990 discere,
1326 900 1501 1001 officiique
1528 909 1599 983 inci
1627 905 1739 1002 pensa

528 1001 650 1076 sednld
669 1002 847 1075 absolvere
868 1020 1003 1086 eonor,
1025 998 1114 1073 nihil
1132 1000 1277 1073 omniuo
1295 1003 1397 1077 vacui
1414 1004 1583 1097 temporis
1606 1004 1652 1078 ni
1668 1006 1739 1081 alia

528 1100 677 1193 legenda
694 1118 759 1173 aut
781 1096 916 1191 agenda
940 1098 1159 1192 relinqueret.
1205 1094 1293 1185 Qua
1315 1100 1353 1171 iii
1378 1120 1417 1172 re
1441 1096 1590 1174 studium
1617 1122 1738 1175 menn

529 1218 569 1269 ea
587 1195 691 1268 etiam
714 1192 804 1268 ratio
830 1216 901 1267 non
921 1194 1144 1267 mediocriter
1161 1195 1310 1280 excitat,
1333 1194 1433 1291 qodd
1448 1197 1558 1307 maj0r
1580 1217 1626 1270 ex
1643 1218 1738 1294 prae·

531 1289 618 1365 senti
641 1292 843 1366 conditione
866 1287 1021 1364 discendi
1037 1287 1174 1366 occasio
1191 1289 1371 1386 suppetit,
1395 1313 1436 1363 ea
1460 1291 1653 1388 hodieipsa
1669 1295 1737 1365 mi·

532 1410 598 1461 nui
614 1387 744 1466 stabilis
759 1384 830 1463 elle
846 1386 1018 1463 videatur.
1065 1384 1162 1461 Nam
1183 1390 1254 1462 hoc
1267 1386 1465 1460 Caesareum
1478 1386 1658 1481 Judicium
1673 1392 1738 1465 cui

532 1507 717 1570 vacamus,
740 1486 846 1580 quim
871 1486 967 1559 tenui
987 1483 1048 1557 filo
1070 1484 1251 1578 pendeat,
1277 1486 1414 1558 minime
1439 1500 1475 1559 te
1497 1486 1605 1559 latere
1629 1506 1733 1581 puto.

375 1669 377 1675 Ι
523 1576 685 1667 ,Ρῐοίηάε
708 1580 836 1657 etiamsi
869 1578 1016 1655 sortaffis
1049 1578 1180 1674 aliquid
1211 1582 1378 1675 temporis
1410 1581 1591 1655 ordinariis
1620 1582 1739 1677 legiti-
1799 1646 1806 1651 .

420 1686 430 1705 ²
533 1675 665 1772 misque
690 1680 808 1775 operis
832 1674 1008 1753 succidere
1025 1675 1111 1749 mihi
1127 1678 1252 1764 liceat,
1277 1698 1428 1749 attamen
1446 1674 1532 1749 ditm
1553 1675 1735 1751 confidero
1882 1748 1886 1774 ἶ

531 1770 623 1847 sorte
646 1774 1065 1870 hancopportunitatem
1082 1794 1203 1883 ,uquae
1227 1798 1299 1846 non
1323 1772 1495 1845 modicam
1515 1771 1612 1865 Juris
1636 1772 1739 1847 Civi·
1885 1781 1886 1785 ’

531 1870 576 1943 lis
599 1870 779 1965 peritiam.
805 1874 843 1945 ilc
859 1872 1080 1947 iumentum
1102 1871 1260 1965 inprimis
1284 1866 1502 1961 Judieinrim
1523 1866 1621 1945 usum
1687 1893 1737 1943 ae·

534 1965 616 2051 bet,
639 1964 740 2043 brevi
754 1962 973 2043 effluxuiaiii:
1001 1966 1138 2039 caeteris
1157 1965 1319 2040 omnibus
1339 1964 1460 2040 studiis
1481 1967 1619 2041 intermi
1644 1991 1673 2038 is
1695 1969 1737 2039 iii

532 2064 572 2138 id
582 2086 689 2137 unum
697 2083 774 2137 tori
785 2068 975 2141 intentione
985 2062 1256 2139 incumbendum
1274 2063 1381 2148 duxi,
1394 2062 1617 2161 utquaiidam
1632 2063 1733 2155 June

379 2221 389 2228 .
534 2160 673 2255 praxim
684 2162 769 2233 milii
784 2182 1006 2259 comparem,
1026 2182 1105 2255 quae
1117 2157 1198 2258 poll
1215 2160 1307 2233 hanc
1320 2156 1455 2233 finitam
1473 2158 1735 2250 conditionem,

537 2254 609 2331 live
624 2258 782 2351 privato,
802 2256 874 2333 sive
887 2258 931 2331 ad
945 2258 1090 2352 aliquod
1108 2278 1234 2332 munus
1250 2252 1364 2329 rursus
1384 2276 1535 2344 vocato,
1556 2276 1630 2328 non
1644 2279 1734 2331 con-

536 2354 758 2427 temnendum
777 2356 1082 2451 operaepretium,
1106 2348 1278 2446 rebusque
1300 2352 1467 2449 deinceps
1484 2354 1640 2449 gerendis
1656 2376 1736 2427 nori

535 2450 615 2524 leve
626 2450 896 2535 adminiculum,
912 2448 1057 2525 adferat.
1070 2448 1123 2521 Ita
1136 2446 1196 2537 fit,
1208 2447 1256 2519 mi
1273 2447 1499 2536 ciniurcuia,
1509 2473 1579 2523 non
1587 2448 1735 2545 quidem

534 2566 666 2620 utnon
685 2542 1506 2632 vacetodaesoribere‚alrfiteiiiniitnirtrim
1526 2547 1737 2624 mnenon

536 2644 649 2739 pluris
672 2640 799 2755 faciam
818 2642 926 2739 quim
941 2646 1117 2719 tantillum
1129 2643 1299 2739 temperis
1312 2666 1387 2737 quo
1400 2644 1438 2719 iii
1460 2641 1581 2737 pulici
1597 2642 1732 2755 potesis
1891 2756 1893 2759 Α

536 2738 598 2812 sed
613 2742 775 2813 utuiirios
791 2742 955 2814 idoneum
969 2742 1014 2815 ad
1026 2736 1244 2814 oescrihmdi
1254 2759 1492 2835 argunimirum
1505 2739 1675 2824 himin,
1691 2739 1735 2819 id

535 2837 636 2930 quod
648 2859 719 2908 non
737 2836 820 2910 esset
831 2834 1091 2923 dormiendi
1104 2833 1388 2930 pristitiisstuiliis
1396 2836 1582 2933 indulgere
1593 2837 1734 2925 iioerc,

537 2932 706 3006 videlicet
723 2955 762 3007 ut
776 2935 963 3029 aliquindo
977 2937 1040 3009 vel
1054 2931 1207 3005 discendi
1219 2931 1323 3006 masa
1342 2934 1462 3007 locuni
1478 2934 1627 3029 Quem
1641 2932 1735 3028 Jnris
1891 2940 1893 2963 '

542 3028 857 3117 adtedeseireiii,
882 3030 1143 3105 &velamen
1167 3026 1737 3123 GraeoiCmmmaiiiinlos

536 3124 680 3209 Civile,
708 3150 788 3223 quae
805 3148 849 3200 ex
862 3126 963 3199 ltalia
985 3150 1120 3201 mecum
1137 3128 1257 3209 attuli,
1282 3124 1345 3196 tibi
1365 3122 1494 3219 aliquid
1510 3127 1739 3220 impartirem.

435 3279 438 3288 .
538 3218 801 3309 Quamobrem,
826 3220 1010 3296 dotliffime
1035 3222 1267 3308 contiuncula,
1297 3219 1462 3316 ignosce,
1480 3220 1620 3315 quaeso,
1639 3222 1743 3317 quod

538 3315 704 3393 naslerius
717 3318 806 3391 iiiiii
824 3318 868 3391 ad
882 3341 922 3391 te
941 3316 1157 3415 scripsimus,
1181 3317 1287 3412 idque
1305 3341 1378 3389 non
1394 3320 1591 3402 ulilivione,
1615 3314 1672 3392 sed
1697 3342 1745 3392 ea

539 3412 613 3489 sola
634 3418 678 3493 de
694 3412 793 3489 causa
812 3412 941 3489 nauti
966 3438 1079 3513 pitta,
1105 3414 1201 3510 quod
1219 3414 1304 3487 nihil
1322 3416 1492 3515 dignum,
1516 3417 1612 3511 quod
1635 3417 1680 3488 ad
1699 3438 1745 3489 te

540 3510 644 3587 scribi
667 3509 804 3609 posset,
828 3510 990 3587 hodierius
1015 3511 1203 3585 habuerim.
1252 3508 1347 3581 Nam
1377 3508 1493 3585 utiofii
1518 3534 1558 3585 ic
1584 3512 1745 3609 volgari·

541 3606 606 3683 bus
628 3612 728 3706 nugis
745 3607 920 3683 scribendi
937 3607 1094 3682 officium
1114 3631 1186 3683 non
1207 3604 1273 3679 esse
1296 3606 1544 3703 auspicandum
1571 3603 1745 3683 existima·

541 3708 589 3781 vi.
639 3705 751 3802 Cujus
761 3727 880 3779 tamma
898 3706 1098 3783 etiamnunc
1114 3729 1138 3779 a
1160 3727 1199 3778 -te
1214 3704 1353 3779 veniam
1368 3726 1493 3800 rogare
1513 3727 1651 3802 cogor,
1674 3704 1745 3805 qui

542 3804 719 3879 finianum
743 3802 936 3898 piniario
961 3825 1035 3875 noti
1067 3802 1178 3897 magis
1204 3819 1289 3896 apto
1386 3822 1525 3877 omento
1545 3802 1743 3876 celebrem.

544 3900 636 3972 Cum
653 3902 739 3976 verd
755 3898 1073 3987 sommantio
1086 3902 1101 3985 l
1114 3894 1232 3970 nollet
1242 3916 1309 3969 ouo
1331 3897 1340 3914 ⁶
1392 3923 1414 3970 u
1432 3919 1540 3971 maim
1552 3896 1661 3971 fidem
1675 3920 1744 3993 ap·

538 3998 705 4091 pelleret,
732 3996 769 4073 &
791 3996 1008 4071 taciturnitas
1021 4018 1101 4070 mea
1118 4016 1190 4069 tuae
1205 3995 1463 4071 benevolentiae
1479 3993 1642 4088 jadaram
1656 3997 1751 4068 aila·

1011 4156 1013 4159 i
1661 4114 1748 4167 tura

583 4247 649 4334 lm
671 4248 935 4334 Folmrnonrmito']
964 4249 1157 4327 Hernicus,
1187 4248 1333 4335 Collega
1351 4247 1452 4333 ngii'
1470 4250 1508 4315 in
1534 4248 1747 4315 Asselioratit

538 4334 672 4420 ¹Spirae,
692 4334 750 4419 qui
769 4336 852 4400 olim
865 4334 948 4401 llitii
970 4335 977 4347 ‘
1005 4334 1077 4400 'biis
1101 4348 1269 4417 nepotum
1285 4332 1537 4419 aromepileopi
1546 4335 1749 4403 reviren-

541 4419 580 4489 sis
601 4418 944 4507 praeceptoriuerat.
1006 4438 1069 4487 sm.
1091 4435 1122 4485 2.
1138 4434 1174 4501 p.
1197 4431 1273 4499 aoy.
1375 4462 1381 4473 .
1485 4460 1492 4469 -
