3967 5167
552 560 606 668 58
662 543 900 650 VIGLlI
934 567 1001 636 aa
1029 541 1291 638 AYTTA
1328 541 1695 642 ZUICHEMI

551 743 662 816 seram
679 741 842 836 quidem,
865 737 925 812 snd
946 759 1152 814 tamennon
1176 740 1312 812 inanem
1335 759 1500 836 operam,
1548 739 1686 818 Graecis
1711 743 1753 818 li-

554 839 639 920 teris
657 837 852 931 impendit:
878 833 1007 930 quue
1022 833 1285 909 nominesacile
1308 839 1434 932 primae
1452 835 1510 908 hic
1528 857 1645 932 parter
1659 841 1752 912 inter

554 933 756 1029 Syrumistts
773 931 962 1006 obtinebat.
1012 931 1080 1006 Sed
1095 953 1140 1004 eo
1159 931 1308 1006 Romam
1326 933 1630 1026 pridemevocato
1648 957 1753 1010 nemo

408 1033 415 1043 '
555 1029 671 1102 adhuc
698 1025 861 1101 suffedus
896 1027 962 1113 est,
986 1025 1084 1122 cuius
1113 1025 1270 1104 dotlrma
1301 1029 1491 1102 Medicinae
1518 1028 1667 1104 studium
1692 1031 1753 1105 hic

557 1125 757 1198 celebretur.
807 1125 1195 1196 NicolaumLetar'canrnr
1211 1121 1284 1218 (4)
1315 1123 1495 1220 superiore
1518 1123 1688 1201 annoscis
1705 1149 1751 1200 ex
1895 1195 1896 1198 ,

551 1220 715 1294 -humanis
740 1215 924 1294 discelsrffe.
972 1222 1125 1291 Lazarus
1142 1221 1328 1293 Bonamicus
1351 1222 1442 1294 inter
1455 1221 1632 1298 literarum
1654 1221 1754 1297 Lati·

557 1340 679 1391 narum
697 1317 736 1392 dc
761 1315 968 1390 Graecaronr
993 1312 1203 1410 professores
1222 1313 1410 1412 precipue
1436 1319 1624 1411 probatur:
1649 1316 1705 1392 scd
1728 1340 1752 1392 a
1895 1355 1896 1360 ,

552 1416 693 1486 nonita
707 1413 824 1484 multia
841 1411 877 1485 in
893 1409 1080 1486 factionem
1100 1411 1366 1512 Ciceronianam
1390 1411 1528 1488 devotis
1557 1437 1599 1488 ac
1614 1411 1751 1511 juratis.
1895 1461 1896 1472 r

550 1509 635 1603 Qui
655 1509 717 1582 hic
739 1503 929 1586 Patronunt
948 1506 1079 1582 babent
1094 1507 1225 1580 Prlrrnr
1245 1509 1422 1593 Brmbnm,
1448 1532 1553 1604 quem
1578 1509 1682 1585 semel
1698 1530 1754 1582 ar·
1895 1519 1896 1544 ³

548 1629 628 1702 qne
640 1607 765 1679 iterum
795 1601 958 1681 salutavit
981 1603 1042 1676 sed
1061 1601 1205 1678 assuevit
1226 1605 1334 1698 magis
1353 1603 1476 1678 ltaliae
1500 1607 1623 1702 loqui,
1646 1627 1751 1702 atque

549 1725 634 1775 eam
652 1700 701 1778 ob
722 1699 990 1776 causam'minns
1008 1699 1095 1772 mihi
1120 1697 1210 1794 saepe
1234 1701 1296 1774 illo
1320 1697 1391 1774 frui
1416 1699 1510 1774 liee'a
1562 1705 1751 1796 δαμείω»
1895 1745 1896 1796 3

554 1795 715 1872 nostrum
732 1799 803 1872 huc
832 1797 1035 1872 tendentem
1061 1794 1219 1868 intellexi
1244 1794 1396 1870 Taurini
1431 1793 1618 1872 substitisse.
1667 1795 1752 1892 Ego

550 1915 638 1968 cum
655 1893 863 1989 Augustanis
880 1889 1157 1966 adolescentibus
1175 1887 1392 1986 splendidam
1414 1892 1474 1968 hic
1500 1895 1642 1968 domum
1666 1915 1752 1968 con·

562 1991 666 2073 duxi,
690 2013 772 2087 quae
785 1988 836 2062 est
865 1988 1122 2069 Centaurorum,
1147 1984 1190 2058 ab
1215 1987 1363 2062 aviculis
1385 2011 1579 2083 cognomen
1607 1987 1753 2064 habena.

551 2086 735 2170 Urinam,
757 2085 853 2179 qnod
872 2085 1015 2180 quidam
1032 2085 1091 2156 hic
1106 2080 1319 2177 sparserant,
1345 2084 1389 2156 ad
1407 2087 1497 2156 banc
1527 2088 1649 2158 urbem
1679 2087 1753 2158 ani·

555 2205 651 2255 tuum
674 2181 837 2254 haberes:
863 2178 995 2254 nostras
1015 2177 1093 2250 sane
1119 2181 1213 2252 aedes
1242 2204 1312 2256 non
1336 2178 1563 2274 displicituras
1591 2181 1655 2256 tibi
1673 2181 1749 2276 spe·

551 2300 684 2354 ratem:
710 2278 747 2351 δι
767 2301 821 2350 me
839 2271 1043 2350 effeeturum
1059 2272 1292 2359 confiderem,
1319 2294 1357 2348 nt
1381 2278 1475 2368 quod
1499 2276 1660 2372 suggeras
1676 2277 1751 2355 Au·

554 2365 664 2470 gustat
681 2371 828 2458 obtulit,
854 2371 915 2444 hle
933 2370 1095 2465 praestare
1116 2391 1188 2441 non
1217 2392 1438 2465 gravaretur:
1464 2374 1524 2446 ille
1550 2373 1641 2446 enim
1676 2395 1750 2444 non

556 2473 652 2546 aliud
671 2491 770 2564 aeque
785 2486 905 2564 optat,
929 2467 1032 2562 quim
1050 2467 1094 2540 de
1111 2485 1146 2538 te
1162 2467 1266 2559 quim
1282 2468 1414 2561 optime
1437 2468 1570 2542 mereri.
1620 2465 1752 2560 Affinea

556 2566 662 2662 ipsius
686 2565 887 2658 &ellingen
903 2584 972 2656 pro
995 2561 1101 2636 salute
1123 2583 1143 2632 a
1173 2581 1208 2634 te
1231 2563 1408 2657 impertita
1431 2565 1594 2637 maximas
1618 2564 1749 2638 habent

400 2675 411 2689 '
552 2665 702 2758 gratiam
728 2684 770 2733 ac
785 2681 922 2733 mecum
950 2659 1015 2732 tibi
1031 2659 1145 2730 omnia
1172 2652 1282 2730 fausta
1299 2682 1339 2732 ac
1356 2661 1437 2732 laeta
1464 2679 1660 2754 precantur.
1686 2657 1752 2733 Pa·

552 2759 642 2834 tavii
661 2753 770 2829 XVI.
796 2751 942 2830 Calend.
967 2751 1173 2829 Februarias
1201 2773 1306 2845 1532.

543 2938 562 3006 ‘.
595 2955 664 3040 (4)
687 2951 854 3020 Nicolaum
876 2949 1095 3035 Leooitertum]
1117 2948 1149 3016 Is
1177 2961 1252 3018 erat
1277 2915 1401 3028 italus,
1427 2950 1663 3028 Vicentinus,
1691 2953 1752 3036 qui

551 3041 660 3118 obiit,
680 3055 752 3104 non
774 3035 1101 3122 superaremur
1125 3031 1241 3100 scribit
1266 3033 1404 3116 Vrglr'ur,
1440 3036 1497 3102 sed
1525 3049 1606 3100 ante
1631 3035 1752 3102 oslen-

557 3126 668 3198 nium,
688 3139 813 3204 nempe
836 3123 854 3186 8
873 3114 967 3202 Junii
991 3135 1086 3203 1524.
1106 3117 1160 3184 uri
1184 3117 1262 3202 lego
1296 3118 1387 3200 apud
1410 3117 1534 3185 Gonni.
1555 3112 1699 3182 Bnrlaeum
1718 3127 1752 3186 t'o

556 3205 718 3273 ibonoroso
739 3211 790 3283 int
810 3195 907 3272 &de
926 3219 1019 3266 anno
1041 3201 1179 3282 quidem
1199 3213 1295 3283 patet
1317 3200 1408 3284 apud
1430 3199 1588 3282 Erasmum
1612 3207 1644 3264 in
1665 3223 1680 3266 e
1701 3201 1750 3284 iss.

549 3291 645 3358 ’Caelr'r'
666 3226 842 3371 Cascagnrnr
884 3303 937 3350 uae
965 3282 1013 3350 est
1041 3283 1134 3350 inter
1162 3281 1236 3350 suas
1257 3299 1332 3364 750.
1376 3283 1435 3349 ubl
1464 3283 1554 3350 Vide
1580 3285 1649 3350 col.
1672 3221 1748 3354 siit.

549 3391 582 3450 ·,‚
598 3373 693 3447 Fuit,
728 3377 828 3455 lnquit
860 3305 1008 3444 sumar,
1037 3369 1129 3434 inter
1154 3369 1284 3452 primos
1319 3365 1357 3434 dt
1406 3367 1577 3452 raecipuos
1595 3370 1754 3450 purioris

554 3495 580 3534 ‚,
596 3455 883 3540 elegantiorisque
902 3449 1084 3516 medicinae
1105 3449 1284 3517 allectores
1313 3451 1349 3517 δι
1375 3387 1483 3516 galeni
1518 3451 1752 3534 interpretes,

553 3581 580 3618 „
622 3539 783 3604 raeclaros
802 3536 997 3603 eruditione
1014 3533 1191 3610 medicus,
1213 3535 1271 3616 qui
1287 3534 1384 3598 annis
1404 3532 1577 3616 sexaginta
1601 3537 1750 3618 amplius

553 3663 581 3700 „
596 3559 764 3690 senariae
779 3617 925 3694 docuit,
945 3616 1038 3682 unde
1054 3617 1091 3683 dr
1105 3615 1233 3702 Erosnro
1256 3617 1455 3690 demiranti,
1476 3635 1539 3682 cur
1555 3631 1666 3682 artem
1678 3637 1753 3686 me·-

546 3747 579 3784 ,υ
597 3703 757 3779 dicandi,
777 3719 880 3786 quarn
903 3697 1155 3786 profitebatur,
1177 3695 1248 3781 ipse
1274 3717 1345 3782 non
1380 3713 1581 3774 exerceret,
1611 3700 1753 3785 respon·

553 3831 580 3867 „
596 3790 678 3857 disse
696 3785 824 3854 fertur:
859 3781 892 3851 se
921 3781 999 3868 plus
1027 3799 1151 3867 agere,
1183 3783 1369 3850 docentem
1397 3801 1516 3850 omnes
1541 3784 1706 3854 medicos.
1727 3785 1751 3818 ’'

555 3873 665 3941 Addit
687 3890 767 3938 eum
790 3866 907 3939 obiisse
928 3868 965 3934 in
989 3879 1091 3933 aetate
1118 3867 1305 3951 nonaginta
1337 3865 1395 3932 sex
1415 3863 1595 3933 annorum.
1640 3867 1751 3934 Colca-

594 3961 660 4021 r'rtrtr
684 3956 743 4024 cit.
766 3953 832 4020 ait:
860 3949 973 4035 aeceffit
996 3955 1065 4031 jam
1081 3968 1174 4035 prope
1200 3957 1392 4016 centenarias.
1432 3949 1509 4034 Jarn
1535 3967 1626 4014 anno
1653 3957 1748 4036 1518.

583 4041 707 4123 rosnat
727 4055 806 4103 oum
839 4031 1116 4119 depraedicavit,
1134 4035 1234 4120 stenem
1263 4029 1488 4108 imatorrolr'rore
1526 4031 1660 4118 dignam.
1701 4035 1752 4103 V.
1892 4049 1894 4118 3

553 4119 657 4208 apta,
679 4117 1029 4220 ocemund-001·
1060 4133 1135 4206 aro·
1150 4117 1196 4205 A·

1783 3677 1895 3802 Ἰ

1892 4127 1894 4224 l

1669 4273 1894 4412 'l
