3967 5167
411 517 417 528 ·
528 530 588 622 24
644 436 879 605 uromr
909 526 975 593 m
1007 420 1258 600 surm
1296 502 1676 609 zurouuun

527 699 655 798 potest.
704 698 857 775 Proinde
874 693 1003 769 summa
1025 718 1168 792 quoque
1195 698 1381 795 voluptate
1396 721 1474 777 tuas
1500 706 1619 781 literas
1638 732 1735 785 acce·

533 798 583 893 pi.
620 794 780 887 Quarum
797 784 991 867 testimonio
1013 796 1050 866 &
1074 795 1312 890 chirographo
1328 801 1364 877 in
1382 798 1450 876 mes
1471 802 1637 877 honorem
1655 829 1734 900 per-

533 910 643 987 petuo
666 892 716 963 uti
734 913 867 985 queam.
917 884 1133 982 Plurimique
1161 888 1255 965 facio
1281 897 1382 967 atuli
1411 896 1488 969 viro
1511 920 1581 971 non
1599 903 1734 976 laudari

534 1002 694 1069 tannim,
721 985 775 1058 sed
797 986 900 1059 eriam
914 986 1032 1057 amari
1066 984 1153 1057 Nou
1169 985 1302 1059 facium
1319 1007 1436 1063 tamen
1454 1013 1524 1065 tuae
1539 1020 1594 1069 me
1612 1000 1734 1075 laudes

533 1078 740 1177 superbum,‘
756 1079 815 1153 sed
834 1104 941 1174 quum
954 1081 1023 1153 illis
1035 1084 1191 1155 nondum
1209 1104 1263 1155 me
1277 1080 1484 1178 respondere
1504 1091 1731 1185 cognoscam,

533 1170 654 1253 saltem
673 1200 710 1250 ut
731 1198 860 1259 doner,
884 1178 1065 1249 admoneri
1082 1200 1136 1249 me
1163 1181 1282 1253 credo.
1330 1180 1411 1255 Nec
1430 1186 1522 1258 ullus
1547 1186 1629 1262 saue
1647 1194 1734 1267 mihi

534 1276 675 1373 gravior
695 1268 745 1345 est
762 1273 807 1343 ad
824 1271 935 1344 studia
949 1272 1125 1359 stimulus,
1150 1298 1253 1371 quam
1265 1278 1383 1349 talium
1401 1282 1554 1354 virorum
1572 1286 1733 1360 nondum

534 1373 658 1443 merita
687 1368 859 1463 probatio
908 1366 1028 1463 Atque
1053 1370 1141 1442 adeo
1171 1394 1192 1441 a
1215 1394 1327 1466 puero
1350 1373 1473 1447 dusios
1494 1380 1590 1453 vitos
1614 1384 1733 1477 tuique

440 1536 443 1543 ,
536 1462 661 1537 ssmiles
673 1464 808 1557 semper
827 1460 1030 1547 observavi,
1056 1462 1173 1540 saltem
1193 1488 1233 1538 ut
1251 1492 1372 1543 eorum
1387 1495 1544 1549 amorem
1554 1481 1747 1570 promere?

263 1596 269 1616 ι
408 1598 409 1601 =
533 1584 610 1646 rer,
636 1559 838 1635 silandibus
856 1560 980 1655 dignus
1005 1558 1072 1633 else
1089 1564 1291 1655 nequirem3
1314 1585 1499 1663 utrumque
1520 1594 1576 1643 me
1598 1598 1683 1647 vero
1709 1600 1731 1650 a

531 1678 568 1733 te
587 1654 810 1731 consecutum
827 1653 1048 1751 summoperd
1066 1660 1223 1750 gaudeo,
1245 1681 1415 1757 omenque
1428 1667 1660 1743 mumlubens
1677 1696 1733 1747 ac·

533 1754 651 1845 cipro,
671 1752 773 1921 puori
802 1752 988 1846 majoribus
1015 1774 1070 1823 me
1092 1756 1281 1850 aliquando
1309 1758 1415 1833 rebus
1440 1762 1478 1839 ἃ
1503 1762 1633 1839 Patriae
1656 1769 1731 1845 usui

536 1847 602 1921 eise
622 1872 670 1944 po
699 1873 722 1921 e·
734 1848 924 1941 augureris.
946 1845 1025 1943 lpse
1042 1844 1156 1923 tamen
1172 1851 1208 1921 iu
1226 1853 1343 1945 auimo
1360 1856 1475 1933 habeo
1489 1861 1561 1933 hoc
1577 1860 1731 1939 vestrum
1839 1924 1844 1935 .

532 1942 649 2016 saxum
668 1946 800 2039 aliquot
821 1964 920 2017 autea
939 1965 1048 2017 annos
1071 1949 1234 2034 volvere,
1258 1948 1360 2023 idest
1377 1952 1568 2046 profitendi
1585 1958 1731 2052 publice

532 2036 623 2113 onus
646 2039 777 2123 subire,
809 2040 882 2135 qud
901 2042 996 2113 aetati
1010 2041 1164 2115 nondum
1183 2045 1335 2137 negotiis
1352 2066 1497 2127 matura
1513 2058 1731 2133 autoritatem

535 2138 684 2229 aliquam
699 2136 841 2231 publica
857 2132 1064 2231 professione
1087 2140 1186 2233 prius
1207 2142 1403 2220 conciliem.
1454 2147 1565 2242 Cujus
1581 2153 1728 2245 quidem

533 2230 669 2303 consrl'ii
682 2234 750 2305 mei
768 2230 957 2327 auspicium
972 2230 1009 2303 in
1026 2228 1213 2307 Germania
1235 2260 1453 2334 meacapere
1470 2243 1630 2330 decrevi,
1654 2273 1728 2325 mo·

532 2327 582 2400 do
598 2350 638 2401 ea
652 2328 882 2421 Imperatorio
894 2327 1268 2424 auxilio‚confilioque
1279 2333 1322 2407 ab
1345 2338 1538 2415 inveterato
1564 2341 1727 2419 Christia-

533 2444 590 2495 nae
606 2420 799 2519 Religionis
815 2425 932 2496 error'e
943 2428 1104 2497 revocari
1115 2430 1259 2521 poterit.
1283 2428 1397 2506 Aliter
1410 2435 1501 2507 euim
1517 2434 1654 2535 Legum
1670 2441 1730 2535 Ju-

533 2518 646 2615 risque
665 2516 773 2593 nostri
785 2518 955 2603 studium,
979 2521 1078 2615 quod
1091 2522 1143 2593 ibi
1156 2519 1289 2619 semper
1299 2526 1429 2620 jacuit,
1445 2533 1729 2633 ‘excitarinequ1.

532 2614 596 2689 bit.
647 2614 703 2687 Ad
719 2638 794 2687 eam
810 2638 879 2687 non
898 2638 1021 2710 parum
1038 2638 1092 2687 me
1103 2618 1268 2713 adjuvate
1275 2624 1408 2713 poterit
1417 2626 1537 2702 Alcimi
1550 2642 1727 2707 commeri-

387 2766 390 2773 .
534 2708 660 2794 datio,
685 2714 784 2783 cu‘us
803 2714 900 2812 apud
924 2733 988 2783 noo
1013 2711 1121 2805 longd
1144 2715 1404 2803 celeberrimum
1434 2736 1561 2798 nomen
1584 2727 1655 2813 cll,
1678 2731 1727 2803 ob

491 2838 494 2850 r
533 2805 686 2879 additam
720 2734 1009 2970 jurisprudentiae
1023 2902 1031 2915 ι
1045 2808 1250 2914 politiorum
1290 2814 1467 2889 literarum
1499 2819 1727 2917 disciplinam.

532 2900 652 2994 Quem
671 2924 738 2995 ego
756 2924 804 2995 po
856 2924 967 2975 meum
982 2903 1079 2976 rllmc
1096 2902 1273 2977 discessum
1301 2906 1419 2985 sedulo
1442 2914 1555 2989 studio
1583 2920 1726 3007 audivi,

381 3054 385 3061 .
533 2993 891 3093 disputationibusque
926 2998 1135 3089 quotidianis
1168 3002 1313 3073 annixus
1340 3000 1413 3079 sum
1443 3030 1483 3083 ut
1506 3033 1527 3083 a
1550 3016 1613 3087 tali
1644 3018 1725 3089 vito

537 3094 666 3187 aliquid
695 3092 737 3164 ad
764 3114 819 3165 me
845 3088 976 3165 fridus
1005 3092 1214 3189 perveniret.
1246 3092 1373 3176 Habeo
1403 3109 1577 3181 tamenin
1609 3111 1725 3185 auimo

534 3209 636 3263 antea
660 3188 793 3263 Italiam
814 3187 943 3270 visere,
967 3184 1007 3261 δι
1034 3189 1126 3264 forte
1152 3189 1215 3265 sub
1241 3212 1374 3268 novum
1395 3194 1467 3273 Ver
1495 3223 1540 3273 eo
1565 3228 1619 3281 me
1642 3230 1726 3281 cort·

536 3280 828 3371 feram‚accedit'
847 3286 939 3357 enim
964 3285 1110 3359 multum
1135 3284 1397 3367 existimationis
1429 3292 1597 3373 dodona
1628 3304 1729 3397 apud

535 3372 703 3455 nostrates
727 3379 902 3466 homines,
927 3384 1023 3476 quod
1047 3406 1087 3456 ea
1101 3382 1232 3456 Italicis
1254 3386 1362 3461 literis
1388 3390 1426 3467 dc
1441 3396 1595 3481 moribus
1619 3400 1729 3473 tin&

536 3469 1730 3589 stt.‘BenevoleVirclarillimeBiturigibusxmt.CalendasMartii

535 3587 629 3643 anno
645 3590 756 3663 1530.
