3967 5167
511 547 577 646 ’86
633 540 870 646 VIGLII
898 565 967 633 Aa
996 537 1251 635 AYTTA
1285 535 1665 636 ZUICHEMd

523 736 618 833 apud
643 736 685 808 A.
711 736 855 809 Gellium.
907 735 1039 810 Sunius
1063 731 1143 805 sane
1168 733 1339 826 Sulpitirts,
1367 733 1429 827 qui
1448 755 1550 808 notas
1572 733 1607 812 in
1643 738 1729 812 Stet·

524 834 626 906 uolam
645 829 799 926 scripsit,
825 827 986 926 apprime
1010 851 1084 904 erat
1101 829 1305 902 Dialesiicae
1328 833 1473 925 peritus.
1508 829 1568 906 Tu
1587 831 1727 928 itaque,

525 924 728 1002 Dodlilsrme
755 928 971 1011 Arnetbacdi,
1010 925 1272 1014 erethodum
1295 947 1402 1000 vocas
1437 949 1546 1000 artent
1573 929 1725 1024 aliquam

527 1026 665 1118 qualem
687 1023 752 1096 tibi
772 1021 882 1095 modo
906 1019 1102 1120 descripsi,
1136 1018 1261 1094 srustra
1286 1043 1360 1094 eam
1383 1025 1591 1118 requirimus
1618 1049 1724 1118 quarn

525 1121 675 1216 jamdiu
701 1118 894 1191 habuimus.
945 1119 982 1190 Si
1003 1119 1193 1214 intelligis,
1217 1139 1257 1192 ut
1281 1143 1322 1191 ea
1341 1121 1562 1216 expoliatur,
1587 1117 1658 1192 sum
1679 1120 1729 1196 sa·

527 1215 578 1289 nd·
597 1218 708 1287 intua
731 1211 923 1303 sententia,
953 1218 1023 1310 jam
1047 1216 1139 1290 enim
1167 1217 1226 1288 illa
1248 1213 1363 1288 multis
1392 1216 1490 1290 velut
1514 1218 1656 1290 zizaniis
1680 1215 1728 1294 fic

430 1326 434 1333 '
529 1310 579 1383 'est
594 1311 721 1384 obruta
743 1333 784 1382 ut
804 1313 865 1386 vix
880 1331 1054 1404 appareat.
1104 1309 1223 1404 Quam
1238 1313 1345 1384 multa
1364 1311 1455 1384 enim
1476 1312 1511 1384 in
1530 1309 1726 1387 Volumini·

528 1407 594 1481 bus
623 1405 748 1478 nostris
772 1406 1026 1503 supervacanea
1051 1404 1168 1481 effecit
1189 1423 1302 1480 rerunt
1331 1431 1536 1504 morumque
1559 1411 1728 1498 mutatiO,

529 1523 611 1598 quae
632 1501 738 1576 recisa
765 1503 789 1576 st
816 1500 944 1590 essent,
977 1527 1048 1576 non
1075 1505 1161 1576 levis
1189 1505 1225 1575 in
1252 1501 1418 1578 discendo
1446 1505 1544 1576 labor
1571 1504 1726 1580 studiofis

531 1601 750 1673 adimeretur.
800 1595 999 1694 Progressus
1018 1599 1091 1672 sum
1110 1599 1248 1694 longius
1265 1621 1367 1693 quam
1383 1601 1643 1690 constitueram,
1669 1603 1729 1676 sed

532 1696 695 1790 qnoniam
714 1717 768 1767 me
796 1695 899 1792 jubes
921 1697 1146 1768 instaurandis
1171 1693 1289 1766 studiis
1319 1693 1464 1778 adesse,
1488 1695 1569 1767 'non
1604 1699 1729 1773 leviter

530 1789 611 1863 sand
631 1813 692 1862 tuo
708 1793 842 1866 calcare
859 1789 1014 1864 incensus
1031 1794 1121 1885 coepi
1136 1789 1326 1886 dispicere,
1352 1793 1435 1886 quid
1452 1793 1486 1862 in
1505 1790 1584 1886 ipsis
1606 1791 1727 1868 studiis

532 1887 723 1982 collapsum
740 1884 839 1976 eslet,
866 1911 906 1961 ac
930 1886 1011 1960 crint
1029 1888 1208 1983 epistolam
1225 1909 1317 1960 tuam
1338 1886 1462 1981 saepius
1481 1893 1668 1982 relegerem
1685 1893 1728 1965 de

532 1983 710 2056 Methodo
729 1982 844 2076 Iuris,
869 1984 1028 2056 lubenter
1052 1983 1163 2056 ansam
1180 1985 1335 2079 arripui,
1360 2004 1399 2056 ut
1421 1981 1493 2078 ipse
1514 1983 1673 2080 quaedam
1689 1987 1726 2059 in
1805 1974 1808 1988 ’

533 2079 686 2152 medium
716 2077 908 2154 adserendo
937 2101 1032 2152 tuam
1058 2078 1260 2152 sententiam
1283 2080 1495 2176 proliciam,
1529 2103 1633 2176 atque
1652 2105 1671 2154 a
1693 2103 1728 2154 te

534 2176 755 2272 intelligam,
778 2197 849 2271 qua
874 2195 947 2248 arte
969 2172 1151 2246 instaurari
1178 2174 1290 2248 studia
1319 2175 1433 2248 nostra
1459 2197 1599 2267 queant.
1650 2175 1728 2250 Erit

535 2291 653 2346 autem
680 2271 757 2346 haec
782 2268 960 2367 inquifitio
987 2293 1057 2342 non
1082 2271 1208 2343 inutilis
1237 2271 1391 2364 utrique,
1416 2274 1476 2343 vel
1502 2274 1604 2344 etiam
1632 2275 1727 2360 aliis',

534 2369 598 2458 qui
621 2366 732 2439 solent
765 2366 953 2462 aliquando
985 2366 1141 2440 discendi
1178 2371 1345 2440 rationem
1374 2387 1393 2437 a
1425 2366 1526 2440 nobit
1556 2367 1725 2462 flagitare.

538 2461 684 2555 Quare,
706 2461 893 2538 dodissine
913 2466 962 2536 I).
988 2463 1193 2546 Amet'bachi,
1212 2461 1367 2558 ignosces
1386 2462 1527 2558 ineptiis
1548 2467 1653 2553 meis,
1681 2487 1729 2539 at·

535 2581 605 2656 que
622 2560 796 2646 libertati,
822 2579 892 2654 qua
918 2578 952 2630 te
976 2559 1087 2629 audeo
1113 2579 1307 2653 provocare
1322 2575 1361 2632 ut
1376 2557 1531 2632 laborem
1549 2581 1618 2632 non
1638 2561 1729 2636 resu-

536 2659 610 2749 gias
635 2652 808 2750 copiofiua
827 2655 912 2725 milri
929 2656 1143 2747 explicandae
1166 2653 1342 2728 sententiae
1367 2671 1435 2726 tuae
1460 2654 1552 2728 circa
1581 2656 1732 2754 discipli·

536 2773 618 2822 nam
636 2773 730 2838 eam,
755 2750 851 2846 cujus
868 2771 937 2844 ego
946 2747 1019 2819 sum
1035 2751 1139 2822 valde
1157 2747 1343 2838 studiosus,
1371 2769 1408 2822 tu
1423 2759 1508 2823 vero
1522 2753 1624 2848 jama
1642 2758 1732 2828 mul·

537 2847 584 2921 tis
616 2845 713 2918 annis
737 2847 949 2920 excellenter
973 2843 1108 2918 doetus.
1157 2843 1242 2918 Hoc
1265 2847 1369 2921 etiam
1396 2845 1588 2942 adjiciam,
1624 2846 1731 2924 Corn·

536 2943 786 3018 mentatiorum
808 2963 949 3037 quoque
977 2961 1098 3036 optate
1126 2965 1181 3017 me
1204 2945 1345 3014 modurn
1377 2943 1562 3038 aliquem,
1594 2945 1730 3021 imo&

540 3038 683 3113 omnind
708 3039 809 3110 aliam
834 3037 1087 3111 commentandi
1108 3039 1287 3111 rationem.
1337 3035 1425 3111 Sunt
1443 3059 1556 3112 auteur
1577 3042 1638 3137 qui
1654 3044 1731 3116 nul-

537 3138 609 3208 lam
629 3135 773 3207 omnind
796 3135 1118 3228 interpretationem
1146 3133 1360 3220 admittunt,
1393 3137 1479 3207 moti
1506 3157 1545 3206 ea
1573 3139 1730 3220 ratione,

539 3229 637 3326 quod
654 3230 729 3327 ejus
751 3231 891 3304 licentia
910 3228 1043 3303 infinita
1068 3231 1144 3304 haec
1167 3229 1229 3304 liat
1252 3228 1459 3398 disciplina,
1484 3229 1563 3303 crim
1590 3235 1728 3330 legum,

538 3349 686 3423 quatum
701 3347 797 3400 certa
807 3326 856 3400 est
870 3327 1081 3414 authoritas,
1101 3349 1279 3400 numerum
1297 3327 1341 3400 ha
1368 3347 1482 3397 eamus
1494 3349 1564 3406 non
1580 3329 1626 3400 ita
1643 3331 1731 3402 mul·

537 3429 584 3495 tis
607 3425 705 3496 libris
729 3422 958 3508 conclusum,
992 3439 1097 3517 atque
1121 3424 1224 3497 etiam
1247 3423 1333 3495 illud
1362 3421 1505 3496 vetuisse
1523 3422 1730 3520 Jastt'nr'onut

538 3521 703 3594 creditur.
754 3517 826 3591 Sed
842 3516 937 3592 certe
959 3541 1027 3612 ego
1050 3541 1120 3590 non
1138 3520 1245 3591 video
1265 3519 1413 3614 qualiter
1430 3517 1500 3592 fine
1527 3521 1732 3615 interpreta-

538 3620 635 3690 tione
660 3611 844 3688 consrliere
868 3613 1051 3708 disciplina
1074 3610 1190 3685 nostra
1217 3616 1368 3709 poterit,
1394 3637 1432 3687 ea
1458 3615 1550 3687 enirn
1578 3614 1730 3688 maxime

537 3714 719 3808 aequitati,
743 3733 846 3806 quam
866 3709 1002 3802 semper
1019 3727 1097 3781 ante
1116 3711 1239 3780 oculos
1263 3709 1390 3782 habere
1405 3710 1587 3794 debemus,
1612 3733 1730 3804 patro·

537 3811 693 3891 cinatur,
720 3805 789 3880 stne
808 3827 876 3899 qua
895 3803 997 3875 nimis
1014 3803 1098 3875 dura
1116 3802 1150 3874 lit
1169 3806 1278 3898 rigida
1296 3807 1362 3877 erit
1386 3808 1461 3894 lex,
1486 3805 1565 3876 clun
1591 3807 1633 3878 de
1654 3807 1728 3902 ejus

536 3902 761 3997 dispositione
777 3898 869 3994 saepe
886 3900 934 3972 ob
949 3900 1092 3972 rationis
1107 3900 1338 3975 diversitatem
1364 3903 1611 3995 'interpretatio
1635 3903 1728 3975 exci-

564 3999 631 4085 iat,
655 3999 736 4083 vel,
754 4015 794 4069 ut
815 4019 879 4069 nos
902 3997 1103 4092 loquimur,
1127 3995 1264 4072 limitet.
1314 3995 1388 4090 Jam
1404 3994 1451 4067 Gt
1475 3999 1641 4092 pleraque
1657 4021 1729 4071 non

536 4021 588 4167 sat
604 4095 793 4168 convenire
811 4093 995 4178 videntur,
1021 4115 1102 4190 quae
1120 4113 1185 4186 pet
1202 4093 1522 4186 interpretationem
1541 4096 1728 4168 concilian-

537 4211 605 4264 tur.
655 4189 778 4261 Multae
798 4191 881 4263 itcm
903 4187 1038 4284 species
1062 4189 1220 4260 incidunt
1247 4190 1282 4259 in
1300 4187 1379 4261 soro
1399 4193 1442 4263 ad
1462 4213 1549 4283 quas
1563 4191 1660 4284 leges
1680 4192 1730 4264 in·

534 4287 673 4360 terdunr
691 4287 849 4380 quadam
877 4285 1021 4359 obtorto
1040 4283 1133 4355 collo
1156 4283 1364 4366 trahuntur,
1403 4307 1481 4356 cum
1507 4283 1664 4380 expresse
1691 4283 1730 4359 δι

533 4383 737 4457 nominatim
760 4382 797 4456 in
822 4381 892 4456 illis
916 4404 988 4460 non
1011 4378 1222 4476 reperiamus
1247 4379 1377 4475 aliquid
1399 4378 1590 4456 delinitum.
1625 4379 1733 4492 fllirit

1614 4499 1729 4572 ‚rgrtur
