3967 5167
546 472 631 593 25⁶
664 461 904 570 vienn
931 483 999 556 n
1025 454 1288 557 Arnen
1315 456 1691 572 zurounnr

547 638 631 739 vile'
652 662 833 747 abdicare,
857 678 984 765 neque·
1001 676 1046 729 ex
1070 654 1139 731 hdo
1166 652 1267 731 causi
1290 653 1515 731 exhaeredare
1539 656 1635 733 licet.
1685 657 1755 736 Pa·

550 764 612 835 tris
627 778 740 833 autern
767 778 872 832 omne
894 752 1047 831 officium
1065 774 1109 826 ao
1126 751 1184 849 jur
1208 752 1247 824 in
1276 750 1427 844 filiorum
1452 754 1672 831 corrediione
1703 760 1752 835 ed

548 857 692 931 tendere
708 854 838 942 debet,
862 874 903 927 ut
933 850 1096 923 meliores
1113 846 1327 938 efficiantur,
1352 871 1408 921 no
1426 850 1608 926 severitate
1636 868 1754 950 poen'ae

552 956 590 1027 in
607 952 739 1037 filium,
762 946 909 1045 seipsum
927 942 1078 1044 affliget,
1101 968 1145 1022 ac
1174 950 1340 1043 rnaJnrem
1368 941 1433 1039 fibi
1456 947 1616 1021 dolorem
1634 968 1755 1026 aeder.

551 1048 615 1124 sat.
663 1049 806 1124 Etenim
824 1046 904 1120 cirne
923 1042 1016 1117 iilius
1036 1038 1227 1118 secundum
1252 1043 1387 1118 nostros
1408 1040 1672 1134 Jnreconsultoe
1699 1068 1756 1123 er·

546 1148 635 1234 -dem
658 1140 857 1243 compatre
875 1138 1023 1237 persona
1046 1136 1113 1213 esse
1128 1136 1326 1217 censeatur:
1352 1145 1530 1235 questam
1544 1141 1637 1217 arsia
1652 1164 1756 1221 natu·

553 1243 746 1338 roecopuia
759 1240 961 1335 oonjtrnrir,
985 1258 1047 1311 eor
1070 1258 1175 1332 poena
1187 1234 1355 1311 alterutri
1373 1234 1470 1309 illata
1498 1258 1571 1310 non
1597 1234 1753 1336 separat,

552 1340 613 1415 sed
632 1359 751 1413 mutuo
780 1336 936 1411 cruciatu
954 1330 1071 1407 afficit.
1120 1330 1221 1408 Dens
1241 1332 1311 1406 tibi
1322 1333 1477 1429 quinque
1492 1330 1583 1407 iiiior
1606 1338 1755 1435 largitur

555 1438 627 1527 est,
653 1437 690 1509 in
708 1430 937 1509 hocsortasiis
962 1450 1139 1524 tamquam
1163 1429 1420 1525 primogenito.
1445 1430 1592 1508 nimium
1616 1432 1756 1527 gavisus

557 1556 596 1609 er
624 1530 823 1627 aliqnando.
873 1526 937 1603 Iile
953 1608 955 1612 Α
972 1548 1090 1600 autem
1123 1548 1242 1601 rerum
1272 1524 1500 1603 humanarum
1532 1531 1759 1619 moderator,

557 1626 936 1723 secundtimHomtrum
959 1622 1032 1696 duo
1062 1621 1169 1698 habet
1183 1621 1304 1711 dolia,
1340 1644 1447 1696 unum
1479 1622 1645 1715 tristium,
1669 1628 1759 1705 alte·

557 1749 636 1801 rum
654 1726 813 1801 laetarnm
832 1738 970 1807 rernm,
995 1741 1039 1795 ex
1058 1718 1184 1815 quibus
1198 1717 1299 1793 varie
1323 1716 1444 1793 miscet
1464 1720 1667 1796 mortalium
1683 1718 1757 1803 'snr-

556 1845 668 1898 tunar.
719 1819 851 1896 Caeteri
865 1813 930 1891 filii
942 1816 1198 1913 obsequuntur,
1223 1835 1265 1888 ac
1279 1816 1499 1911 voluptatem
1514 1816 1582 1891 tibi
1597 1840 1759 1917 magnam

457 1964 467 1973 ·
558 1918 734 1997 adferunt.
783 1914 853 1989 Sed
868 1916 927 1988 ille
946 1914 1080 1987 nudum
1094 1914 1165 1987 mel
1180 1908 1252 1985 line
1274 1909 1355 1986 selle
1376 1908 1444 1985 ess'e
1466 1909 1566 1998 finit,
1591 1918 1759 1994 utmemi-

559 2017 732 2099 neeimue,
756 2036 821 2089 nor
847 2012 883 2083 in
901 2010 1062 2085 humanis
1078 2032 1150 2083 non
1170 2009 1206 2081 in
1221 2006 1418 2083 celestibus
1429 2031 1542 2107 agere.
1592 2010 1681 2090 Hoc
1696 2017 1761 2113 igi.

558 2134 618 2189 mr
635 2108 894 2186 incommodum
914 2104 1018 2200 hujus
1033 2103 1099 2179 filii
1114 2105 1179 2179 tibi
1197 2104 1452 2275 qhoquomodo
1474 2106 1662 2185 serendum
1698 2112 1761 2189 est.

561 2206 755 2287 Consilium
771 2210 815 2281 de
837 2227 950 2279 uxore
962 2203 1014 2276 ilii
1032 2200 1150 2278 dandi
1166 2204 1214 2275 mi
1240 2204 1253 2275 i
1284 2226 1358 2275 non
1391 2199 1586 2299 displicuit,
1621 2226 1662 2281 ut
1684 2205 1762 2306 ipse

523 2295 526 2309 ⁴
559 2302 712 2401 suijuris
731 2326 798 2401 pro
826 2300 938 2398 riique
955 2296 1030 2373 soci
1046 2300 1122 2389 (uti
1140 2298 1313 2409 ditimur)
1339 2298 1471 2385 faetus,
1496 2322 1532 2375 te
1550 2298 1643 2377 hisce
1661 2308 1759 2381 curie

559 2420 739 2477 exoneret.
790 2326 884 2471 gum
917 2419 987 2473 tam
1014 2396 1141 2473 multae
1176 2396 1226 2466 dit
1265 2391 1379 2467 rursur
1404 2398 1480 2469 vias
1510 2398 1760 2494 proposueris,

560 2520 687 2574 vereor
710 2520 754 2570 ne
781 2496 819 2571 dt
840 2496 899 2567 ille
917 2517 989 2567 non
1004 2515 1112 2589 queat
1131 2490 1283 2589 eligere,
1308 2514 1351 2567 ae
1366 2492 1454 2565 certi
1472 2495 1658 2592 quicquam
1672 2520 1762 2571 eon·

563 2596 723 2687 stituete,
758 2615 848 2664 neve
874 2610 1022 2665 conetur
1049 2588 1171 2684 aliqud
1198 2586 1301 2662 elabi.
1351 2584 1393 2660 Si
1413 2588 1459 2663 ad
1483 2612 1586 2665 unam
1610 2592 1765 2691 aliquam

563 2692 655 2767 vitem
673 2712 752 2763 eum
770 2710 926 2784 urgeres,
952 2686 1065 2761 minur
1082 2681 1233 2759 resistere
1250 2679 1375 2781 poss'et.
1423 2682 1557 2762 Verum
1575 2688 1682 2763 avidd
1703 2710 1763 2765 ex·

612 2786 669 2870 tto,
686 2786 851 2883 quidnam
872 2784 931 2859 iiie
959 2780 1024 2855 tibi
1050 2777 1273 2877 responsurus
1299 2776 1354 2853 fit.
1404 2778 1459 2855 Ut
1481 2780 1680 2859 Bononiam
1703 2803 1765 2861 ant

386 2878 533 2943 'RM-
594 2882 720 2956 aduam
745 2904 826 2955 eum
842 2880 892 2955 ire
909 2901 990 2957 cum
1014 2878 1132 2953 Carino
1156 2874 1176 2917 ⁸*
1200 2872 1310 2960 tinas,
1344 2898 1417 2951 non
1440 2874 1580 2955 suadeo.
1630 2878 1766 2981 Reper-

386 2976 428 3020 ‘⁰·
442 2957 514 3016 m·
564 3000 661 3054 turus
678 2975 729 3051 est
746 2975 933 3075 utrobique
951 2994 1100 3071 qnorum
1124 2968 1376 3047 consuetudine
1403 2971 1464 3050 fiat
1494 2976 1657 3053 deterior.
1709 2976 1766 3057 Ut

386 3050 499 3114 '‘W‘'
564 3074 624 3149 fiat
647 3072 808 3151 sacerdos
827 3096 897 3147 non
912 3069 1050 3147 suadeo.
1098 3068 1253 3145 Invitum
1273 3090 1388 3143 antem
1403 3071 1447 3145 ad
1463 3071 1534 3147 hoc
1547 3072 1613 3147 isto
1628 3095 1766 3173 rempo-

464 3244 467 3259 ,
564 3196 603 3247 re
621 3196 766 3267 urgere,
793 3165 941 3243 nonest
970 3187 1107 3251 tntum,
1132 3163 1325 3263 praesettim
1347 3166 1428 3261 qnia
1457 3168 1528 3241 hoc
1553 3168 1702 3257 seculo,
1726 3170 1767 3244 δι

562 3268 757 3367 praesrrtiau
769 3264 935 3361 Augustae
949 3264 1031 3337 inde
1040 3263 1074 3334 ei
1089 3261 1370 3358 quandocunque
1379 3258 1507 3338 resilire
1524 3265 1618 3340 iicet.
1684 3291 1764 3343 uam

563 3370 654 3441 verti
679 3362 719 3437 sir
743 3362 912 3443 idoneus,
937 3382 976 3433 ut
1007 3357 1136 3455 ipsese
1160 3356 1221 3434 suti
1251 3378 1325 3431 arte
1350 3359 1445 3443 alar,
1474 3358 1554 3435 setis
1586 3364 1659 3437 inte
1687 3366 1767 3440 iis.

565 3457 687 3557 ltaque
712 3482 756 3549 ex
776 3456 928 3555 quatuo'r
951 3458 1030 3535 duae
1048 3456 1119 3528 viae
1146 3452 1283 3531 restant.
1333 3454 1371 3526 Si
1396 3456 1546 3551 negotiir
1569 3389 1769 3557 applieaffiiae

564 3578 639 3644 tur,
665 3579 796 3724 vetent}
814 3578 859 3631 ne
882 3550 988 3627 hosce
1016 3573 1129 3625 mores
1147 3547 1262 3625 secum
1284 3548 1430 3627 adferat.
1480 3550 1563 3649 Ego
1581 3578 1693 3653 nuper
1718 3558 1765 3631 ad

565 3678 645 3730 eum
661 3654 763 3728 amici
788 3674 854 3725 trne
869 3647 1008 3745 scripsi,
1032 3648 1125 3720 idem
1140 3644 1257 3721 rursus
1274 3642 1379 3721 facio.
1414 3644 1527 3739 Quod
1545 3650 1679 3739 cutinus
1696 3650 1764 3729 sibi

563 3752 608 3829 de
628 3774 670 3825 eo
685 3750 828 3830 meruit,
852 3746 1011 3821 idemne
1032 3742 1118 3817 mihi
1135 3740 1303 3818 acciderit
1326 3766 1474 3834 vereor,
1500 3746 1596 3822 &ne
1620 3752 1684 3845 qni
1698 3770 1764 3845 pa.

562 3870 685 3925 monne
702 3844 836 3941 semper
853 3844 904 3917 illi
915 3842 1010 3936 apud
1022 3860 1057 3913 te
1073 3836 1221 3925 fuerim,
1244 3838 1440 3924 accusator,
1466 3842 1504 3916 &
1519 3864 1590 3916 tuae
1604 3846 1770 3941 indigna,

561 3946 666 4017 tionis
682 3943 866 4035 instigator
889 3936 955 4013 esse
979 3935 1116 4013 credar.
1164 3934 1233 4011 Sed
1254 3956 1293 4009 tu
1318 3959 1363 4011 ex
1388 3932 1551 4013 omnibus
1576 3943 1661 4016 meis
1687 3943 1765 4037 epi·

561 4040 656 4115 stolis
670 4041 822 4130 animum
843 4034 884 4109 dr
906 4058 1059 4111 amorem
1076 4056 1192 4107 rneunr
1212 4054 1300 4128 erga
1316 4056 1397 4107 eum
1416 4036 1631 4130 cognovisti.
1655 4061 1765 4136 quem

403 4116 423 4155 ’“
484 4136 488 4147 ’
551 4126 1765 4329 ‘teriermintrudis?temetzerstede*

412 4296 414 4301 .
724 4286 725 4289 =
824 4284 830 4294 .
986 4314 989 4321 .
1160 4279 1174 4314 5
1750 4271 1765 4289 v

413 4372 422 4381 ·
553 4333 684 4433 cipiam
694 4380 707 4440 2
733 4324 776 4423 dt,
793 4318 1023 4427 ‘mefftpnpm
1047 4322 1249 4427 redemeret'
1271 4345 1441 4425 quantum
1470 4348 1576 4429 ame
1606 4347 1769 4501 fflgf*

504 4456 535 4475 ¹·
1094 4434 1101 4448 ‘
1578 4446 1587 4457 ·
1634 4428 1642 4438 '
1701 4424 1766 4503 'te‘r
