3967 5167
568 496 921 616 376V1GL11·
950 519 1016 589 m
1045 447 1306 593 nitra
1343 496 1710 596 zorctrurn

569 695 790 791 negotiisque
799 691 995 765 Curialibus
1010 690 1209 779 obruimur,
1234 694 1326 767 reste
1337 693 1533 790 judicemus
1553 697 1596 769 de
1609 721 1653 772 eo
1670 699 1769 793 quod

463 856 466 862 ,
569 788 676 888 pland
691 787 901 885 cognoscere
918 812 989 860 non
1010 789 1137 863 vacat?
1163 788 1233 863 Sed
1250 792 1541 883 quemadmodum
1569 794 1613 880 ii,
1639 796 1702 889 qui
1721 795 1768 867 ad

569 888 662 959 viam
679 886 855 983 publicam
870 882 1066 970 aedificant,
1082 883 1336 963 subauscultant
1352 891 1639 981 praetereuntium
1659 910 1769 964 voces
1816 903 1820 915 “

570 1005 613 1055 ac
628 984 778 1078 judicia,
803 1000 908 1074 atque
937 984 1046 1054 multa
1062 983 1118 1055 ine
1146 1002 1180 1054 ta
1208 980 1375 1068 audiunt,
1408 982 1454 1061 stc
1483 1006 1538 1055 me
1566 1008 1672 1056 unum
1700 986 1769 1059 effe

571 1080 694 1151 credas
710 1102 729 1151 e
744 1078 867 1163 turba,
891 1078 953 1173 qui
967 1079 1070 1150 citius
1082 1004 1253 1169 iudicem,
1276 1078 1379 1175 quim
1398 1102 1470 1153 rem
1483 1077 1590 1175 ipsam
1609 1082 1767 1174 peritior

572 1173 791 1270 inspexerim.
840 1172 908 1245 Sed
929 1172 1030 1247 brevi
1046 1196 1162 1246 coram
1178 1176 1279 1269 plura
1304 1176 1348 1249 de
1371 1196 1416 1247 eo
1437 1175 1654 1269 nugabirnur.
1705 1177 1767 1251 Tu

572 1292 690 1343 autern
706 1271 806 1356 vide,
830 1267 1012 1365 siquando
1031 1269 1487 1345 Mechlioiatranseundum
1508 1272 1609 1345 nobis
1625 1276 1714 1357 erit,
1727 1294 1767 1347 ut

572 1362 668 1440 sorte
684 1363 875 1452 brevifiet,
900 1388 944 1437 ne
959 1366 1044 1438 mihi
1058 1364 1248 1461 hospitium
1264 1366 1357 1463 apud
1369 1386 1403 1439 te
1413 1364 1540 1440 auferri
1557 1365 1655 1441 srnas.
1675 1370 1766 1443 Gar·

507 1491 511 1508 ·
574 1461 680 1535 diano
690 1464 795 1535 veiim
806 1461 1037 1535 nominemeo
1052 1458 1167 1550 dicas,
1182 1458 1383 1551 defiderium
1395 1461 1467 1555 ejus
1480 1484 1536 1535 me
1546 1486 1641 1535 curae
1658 1488 1766 1561 atque

572 1560 674 1633 cordi
689 1558 897 1629 habiturum.
948 1556 1021 1631 Sed
1042 1578 1086 1629 ne
1103 1578 1267 1667 gravetur
1284 1555 1467 1654 expectare
1490 1560 1603 1632 donec
1620 1554 1766 1633 Rexbe·

573 1654 695 1727 neficia
715 1653 913 1747 hujusmodi
941 1650 1116 1749 dispartiri
1142 1654 1305 1729 statumit.
1354 1653 1412 1727 De
1433 1652 1593 1728 Profecti
1617 1656 1766 1731 Mechli·

572 1750 696 1826 niensis
715 1752 751 1821 in
770 1772 834 1824 nos
854 1747 1096 1822 benevolentia
1113 1752 1268 1843 gaudeo:
1294 1750 1354 1825 cui
1376 1772 1454 1823 mea
1477 1774 1521 1824 ex
1541 1772 1642 1845 parte
1659 1754 1767 1841 liben-

573 1865 629 1922 ter
658 1842 888 1940 respondebo.
938 1842 1135 1939 sbrophiium
1165 1849 1316 1941 pecunia
1340 1846 1498 1941 indigere
1524 1869 1595 1920 non
1618 1846 1765 1923 dubito:

572 1940 634 2015 sed
652 1940 751 2017 oerte
769 1962 907 2035 aequum
924 1938 992 2026 est,
1015 1960 1054 2013 ut
1071 1939 1129 2015 illa
1155 1942 1199 2013 ab
1222 1940 1289 2015 suis
1315 1941 1457 2035 potius,
1489 1940 1595 2038 quam
1620 1966 1641 2015 a
1665 1946 1764 2019 nobis

573 2035 821 2134 proficiscatur.
870 2031 1012 2127 Mepssus
1035 2036 1271 2111 Cancellarius
1302 2040 1361 2111 hic
1388 2037 1503 2124 adest,
1540 2038 1600 2111 cui
1625 2062 1766 2137 quoque

572 2136 711 2230 loquar.
760 2132 798 2205 Si
812 2130 1081 2227 quandoautetn
1105 2153 1145 2205 tu
1161 2132 1206 2207 ad
1224 2132 1419 2226 Theophilum
1444 2132 1643 2229 scripseris,
1667 2134 1768 2233 figni-

574 2228 681 2305 ficare
696 2229 729 2301 ei
750 2248 873 2323 potes,
898 2227 1000 2321 hujus
1018 2224 1124 2301 nostri
1138 2232 1305 2325 temporis
1320 2252 1362 2302 an
1413 2227 1489 2301 stiae
1499 2280 1512 2316 ,
1535 2230 1574 2303 δι
1585 2232 1681 2325 quod
1698 2230 1770 2328 ipse

473 2375 480 2395 r
573 2347 721 2422 nepotes
738 2324 901 2410 habeam,
925 2344 1015 2419 quos
1039 2347 1120 2399 meo
1135 2322 1273 2419 sumptu
1300 2325 1337 2396 in
1389 2324 1479 2399 odiis
1506 2326 1634 2400 institui
1658 2350 1768 2411 curo,

574 2440 616 2497 ut
625 2441 719 2495 certe
738 2422 823 2492 mihi
837 2420 881 2493 ad
895 2442 1054 2495 mutuum
1071 2420 1293 2514 praebendum
1306 2422 1393 2495 nibil
1404 2418 1467 2496 fiat
1485 2424 1614 2517 reliqui.
1663 2422 1769 2497 Idem

575 2516 729 2592 officium
751 2516 816 2591 tibi
840 2517 1005 2591 reddam:
1032 2513 1112 2590 cirrrr
1132 2539 1203 2591 non
1230 2516 1410 2603 dubitem,
1434 2539 1469 2591 re
1487 2523 1621 2613 quoque
1636 2539 1700 2591 tua
1718 2520 1771 2591 in·
1810 2550 1816 2559 ·

576 2615 697 2708 digere
714 2612 874 2709 pecunia.
923 2611 1038 2700 Vale,
1062 2614 1110 2685 mi
1125 2612 1286 2705 Hopprre,
1311 2614 1348 2689 &
1366 2614 1509 2709 conjugi
1521 2617 1665 2685 multam
1683 2637 1772 2689 ame

554 2714 557 2718 ’
575 2708 729 2783 Salutem
746 2709 871 2781 dicito·
915 2706 1034 2782 Miror
1048 2728 1166 2782 autern
1182 2706 1359 2802 utriusque
1374 2711 1571 2805 pigritiam,
1584 2711 1646 2803 qui
1655 2732 1771 2783 meum

575 2802 802 2891 defiderium,
825 2802 1069 2898 utaliquando
1089 2824 1270 2898 compater
1289 2805 1394 2879 vobit
1420 2804 1521 2899 fiam,
1544 2826 1680 2879 tanturn
1706 2803 1773 2879 dif-

574 2896 686 2973 fertis.
735 2896 794 2973 Err
813 2898 976 2975 Bruxella
1000 2920 1059 2989 25.
1085 2898 1297 2975 Novembris
1325 2922 1427 2996 1555.

774 3074 1280 3188 EPISTOLA
1344 3078 1586 3183 CLXV.

710 3396 1110 3492 Gonnours
1154 3396 1555 3510 cocorum(
1602 3404 1633 3511 ).

388 3581 520 3670 ·{¹556·
577 3576 704 3670 Ridet
729 3571 887 3687 Horstr'i
902 3574 1176 3662 credulitatem
1187 3628 1201 3675 ,
1225 3578 1298 3687 qui
1311 3572 1391 3682 srdr‘
1413 3580 1655 3691 purgatione
1674 3594 1772 3691 opus

634 3690 882 3806 efflcensmt,
894 3689 1005 3805 quaid
1018 3685 1172 3795 Velstus
1187 3684 1234 3779 V
1229 3687 1368 3801 r'glium
1383 3686 1624 3778 orthodoxia
1627 3687 1717 3805 suae

492 3853 495 3861 -
944 3802 1087 3893 vadem
1110 3798 1182 3917 ff
1208 3802 1401 3917 affirmet.
1508 3906 1517 3917 ‚

663 3978 737 4055 Um
752 3999 828 4054 tuas
843 3976 1017 4065 Litterae,
1035 3976 1173 4051 Eximie
1195 3976 1350 4054 Domine
1373 3976 1573 4062 Canoniee,
1596 3974 1773 4143 legissepr,

1703 4095 1719 4143 e

687 4076 814 4175 quibua
838 4098 916 4166 me,
940 4094 1045 4174 atque
1071 4072 1334 4151 Atrebatensem
1358 4072 1573 4175 Episcopum
1601 4074 1644 4147 ab
1671 4069 1779 4243 12ss

580 4281 830 4442 Nfflpp
853 4224 975 4373 mmo
1001 4282 1093 4375 oe]
1124 4281 1169 4355 re
1195 4302 1264 4373 quo
1291 4282 1364 4357 uxr
1386 4283 1424 4357 n
1443 4278 1549 4359 trous
1575 4276 1621 4353 tu
1642 4276 1775 4361 viem.
