3967 5167
181 562 219 579 .,
350 536 557 637 .ΕρῙςΤ.,
575 504 880 635 suiacum
908 554 982 629 m
1001 532 1333 671 urvnnsos.
1380 565 1463 661 atr

263 732 435 808 thoritare
450 733 596 809 habetur
620 751 677 822 15.
706 738 761 807 16.
785 750 842 823 η.
867 724 906 804 tr
921 726 1144 827 sequentibus
1164 732 1406 837 drfiiriiiuriius
1424 738 1463 810 in
1531 825 1539 841 .

99 813 100 821 Ν
257 828 436 905 Decretis.

308 1042 342 1114 ς.
367 1015 521 1097 Memini
536 1020 640 1096 etiam
659 1020 695 1094 in
715 1019 885 1095 Conciliis
904 1019 1143 1095 Panormitani
1159 1022 1204 1096 de
1223 1023 1457 1098 celebratione

254 1117 421 1195 Concilii
444 1119 559 1213 ample
580 1116 737 1205 tractari,
763 1118 802 1192 δι
825 1116 903 1190 sunt
926 1117 1065 1231 aliquot
1086 1120 1209 1193 eadem
1228 1120 1273 1194 de
1297 1142 1334 1194 re
1356 1120 1458 1217 opus·

99 1244 100 1249 ¹
251 1216 340 1292 cula
361 1218 454 1290 inter
476 1234 594 1292 tomos
621 1212 848 1287 Trailatuum
863 1213 965 1307 juns.

154 1383 160 1389 ’
307 1412 341 1481 6.
368 1404 534 1483 Officium
550 1406 778 1503 Imperatoris
796 1401 846 1477 est
866 1421 908 1479 ut
928 1402 1090 1503 exigente
1118 1403 1312 1481 necestitate
1330 1404 1457 1485 Eccle-

249 1502 317 1578 fiae
343 1504 510 1587 unionem
542 1522 761 1598 promoveat.
821 1500 864 1575 Id
892 1523 1000 1595 quum
1025 1524 1163 1575 veteres
1185 1502 1368 1602 Principes
1419 1506 1455 1580 ie

245 1600 421 1681 fecerint,
445 1618 521 1673 tum
544 1595 724 1670 nouffime
742 1596 913 1671 summum
940 1594 1009 1671 fuit
1033 1599 1069 1670 in
1094 1596 1365 1676 Constantienfir
1385 1530 1452 1675 g.

247 1691 476 1791 fileenfisque
503 1690 658 1769 Concilii
677 1714 745 1767 con
788 1692 951 1788 egutioue
971 1692 1123 1767 studium
1151 1693 1342 1788 sigismundi
1362 1696 1451 1795 Imp.

249 1814 295 1867 ac
320 1810 394 1864 tum
425 1792 567 1887 quidem
588 1786 717 1861 summa
767 1786 927 1865 ifficultas
955 1812 1000 1861 ert
1023 1788 1235 1864 Pontificum
1266 1816 1308 1867 ac
1332 1794 1453 1869 Eccle-

246 1885 462 1961 srastieorum
484 1884 661 1960 oriebatur
684 1881 909 1959 diffenfione:
941 1905 1037 1959 nunc
1067 1888 1105 1959 id
1130 1888 1329 1963 conandum
1355 1892 1453 1965 tide·
1572 1908 1578 1916 ’

243 2000 334 2065 tur,
358 2000 531 2057 utcontra
544 1978 769 2054 Saecularium
781 1978 987 2077 Principum
1003 1978 1305 2079 potestatumque,
1323 1987 1451 2085 quibua

250 2077 431 2153 Haeretici
449 2078 650 2162 adhaerent,
674 2097 821 2149 conatur
835 2078 872 2151 iu
889 2078 1125 2173 opprimenda
1141 2078 1311 2153 Ecclesrae
1325 2086 1450 2156 autho-

98 2192 133 2241 r
248 2176 376 2259 ritate,
426 2197 463 2247 er
477 2170 668 2249 Caesaream
687 2170 905 2267 Majestatern
926 2172 1077 2246 caeteros
1119 2174 1236 2267 epios
1258 2196 1299 2249 ac
1315 2170 1449 2253 Orthe>

98 2300 99 2305 ¹
248 2274 366 2345 dorus
423 2290 502 2365 eger
524 2266 762 2365 provideatur.
812 2264 876 2340 Est
892 2268 986 2342 enirn
1002 2267 1067 2341 Cae
1082 2268 1151 2341 aria
1163 2266 1339 2358 officium,
1362 2296 1446 2369 pro

247 2383 394 2441 movere
416 2366 533 2461 primo
557 2364 779 2453 Concilium,
801 2384 844 2436 ut
861 2362 902 2435 id
917 2362 1075 2459 legitime
1090 2384 1340 2464 oportunoque
1363 2372 1446 2447 1000

246 2479 501 2557 congregetur.
552 2458 594 2532 In
620 2482 692 2553 quo
717 2456 779 2533 suo
798 2459 869 2555 jam
892 2456 1011 2538 officio
1033 2456 1200 2555 Maiestas
1228 2459 1286 2537 sua
1312 2486 1446 2561 peram.

98 2642 99 2645 Ἴ
245 2557 313 2655 ple
337 2554 457 2628 innita
472 2553 532 2628 est.
583 2552 723 2627 Deinde
747 2572 787 2627 ut
816 2555 908 2632 tuto.
924 2554 1050 2651 pollint
1073 2579 1118 2631 ex
1149 2558 1310 2633 omnibus
1334 2562 1446 2648 locir,
1549 2585 1559 2597 ’

245 2652 312 2749 qui
331 2650 496 2725 Concilio
521 2644 842 2738 interelledebent,
867 2672 982 2746 eoque
1006 2652 1125 2727 vocati
1139 2647 1234 2737 sunt,
1261 2678 1304 2730 eo
1322 2678 1448 2753 perve-

245 2750 333 2823 nire.
382 2745 472 2819 Item
498 2767 539 2819 ut
563 2745 641 2821 tutti
659 2744 709 2819 ibi
727 2768 863 2819 manere
885 2765 1036 2845 queant,
1060 2746 1142 2823 cium
1158 2746 1275 2823 Ceasar
1290 2750 1332 2825 fit
1349 2754 1445 2829 Con·

243 2842 320 2919 cilii
348 2838 529 2939 supremus
564 2838 753 2952 promtior.
810 2842 1020 3011 Qpranquam
1053 2842 1146 2917 soliti
1173 2841 1252 2919 sunt
1283 2850 1446 2926 constitui

244 2940 353 3016 etiam
378 2940 422 3013 de
437 2938 592 3013 Concilii
615 2937 823 3013 authontate
853 2939 1005 3035 pectales
1027 2940 1086 3012 alii
1105 2940 1341 3037 protestorer:
1367 2951 1445 3043 qui·

245 3039 316 3111 bus
346 3032 433 3109 solet
456 3034 627 3107 committi
647 3030 836 3129 Junsdictio
866 3036 903 3107 in
932 3030 1068 3110 calibur
1090 3038 1152 3132 qui
1173 3032 1285 3113 solent
1314 3046 1443 3117 exoriri

244 3130 352 3229 super
377 3126 553 3207 causarum
578 3129 808 3203 criminalium
844 3128 1063 3207 &civilium
1090 3132 1302 3229 cognitione.
1352 3136 1441 3211 ltem

245 3250 289 3305 ut
315 3226 476 3324 suggerat
500 3224 666 3300 Concilio
687 3248 750 3313 ea,
774 3250 854 3323 quae
870 3224 1157 3301 consultationem
1171 3229 1313 3302 Parrum
1329 3236 1443 3329 requi·

245 3344 325 3399 rere
348 3324 512 3397 videnmr
534 3344 611 3419 pro·
633 3322 768 3397 unitate
798 3324 835 3409 ὃς
867 3324 1057 3397 concordia
1082 3320 1306 3418 Reipublicae
1337 3319 1440 3404 Chri·

98 3423 99 3428 ‘
244 3420 374 3501 stianae.
423 3418 516 3491 Item
539 3439 581 3491 ut
595 3414 720 3513 postea
738 3416 898 3513 legitime
920 3416 1061 3495 decreta
1082 3438 1284 3517 exequatur.

293 3589 445 3704 Quodli
472 3604 586 3683 autem
605 3606 761 3684 Caesarea
777 3606 937 3706 Maiestas
960 3609 1006 3683 ad
1021 3607 1174 3689 Concrlii
1196 3614 1333 3693 initium
1358 3642 1439 3717 pff.
1519 3614 1522 3617 ’
1578 3583 1582 3589 ’

239 3706 406 3799 sonafiter
420 3702 531 3778 adelie
547 3724 719 3800 nequeat,
742 3710 874 3802 poterit
892 3725 1008 3782 tamen
1032 3730 1076 3782 eo
1090 3706 1264 3807 Legatum
1281 3716 1439 3802 mittere,

231 3806 307 3980 ¹pri
320 3826 360 3876 ea
379 3820 514 3895 repetat
524 3804 772 3897 continuetque
779 3852 791 3889 ,
812 3824 892 3897 quer
913 3828 978 3901 per
995 3804 1326 3883 Reverendilirmum
1350 3812 1383 3885 E
1410 3817 1438 3886 i.

97 3925 102 3952 «ι
257 3920 389 3999 coptum
404 3892 667 3973 Atrebatenlem
691 3898 763 3993 (7)
780 3920 871 3975 anuo
891 3920 993 3995 1543.
1010 3922 1046 3995 9.
1061 3900 1352 3996 Janucriieoram
1401 3933 1435 3985 e-

1332 4026 1435 4106 puta·

273 4154 300 4239 Δ(
305 4152 346 4239 7)
370 4126 760 4251 αιωρενᾙευρνωᾰιπῐ
777 4148 1143 4240 ι’[εοραπτΛινεὺστεηῙωη
1151 4152 1434 4311 &cfffflsusest

237 4237 404 4337 crl·quem
425 4237 516 4304 hanc
538 4256 557 4307 e
583 4234 715 4335 istolanr
741 4322 747 4335 ·
793 4239 888 4303 hunc
908 4236 957 4333 de·
975 4231 1094 4307 forma
1114 4238 1232 4309 celebr
1290 4328 1300 4343 .
1333 4244 1429 4317 Con*

236 4320 309 4387 crlrl
330 4320 537 4387 Commenta
594 4334 629 4384 nt
659 4336 788 4398 mrttrr,
818 4330 921 4405 quem
948 4321 1031 4392 ideo
1048 4322 1174 4395 censeo
1194 4324 1235 4395 ab
1255 4330 1428 4406 tirocon-

231 4402 417 4491 scriptun,
438 4404 514 4473 &a
539 4402 640 4488 Vigilo
660 4406 883 4495 adoptatum,
905 4403 1012 4476 fuill‘c.
1138 4427 1198 4463 ι’

811 4490 925 4564 er
