<?xml version="1.0" encoding="UTF-8"?>
<!DOCTYPE html PUBLIC "-//W3C//DTD XHTML 1.0 Transitional//EN"
    "http://www.w3.org/TR/xhtml1/DTD/xhtml1-transitional.dtd">
<html xmlns="http://www.w3.org/1999/xhtml" xml:lang="en" lang="en">
 <head>
  <title>
</title>
<meta http-equiv="Content-Type" content="text/html;charset=utf-8" />
  <meta name='ocr-system' content='tesseract 3.04.00' />
  <meta name='ocr-capabilities' content='ocr_page ocr_carea ocr_par ocr_line ocrx_word'/>
</head>
<body>
  <div class='ocr_page' id='page_1' title='image "./vitavigliiabayt04papegoog_0236.png"; bbox 0 0 3967 5167; ppageno 0'>
   <div class='ocr_carea' id='block_1_1' title="bbox 267 468 1563 616">
    <p class='ocr_par' dir='ltr' id='par_1_1' title="bbox 267 468 1563 616">
     <span class='ocr_line' id='line_1_1' title="bbox 267 468 1563 616; baseline 0.029 -51"><span class='ocrx_word' id='word_1_1' title='bbox 267 548 273 565; x_wconf 84' lang='lat'><em>.</em></span> <span class='ocrx_word' id='word_1_2' title='bbox 345 488 531 583; x_wconf 84' lang='lat' dir='ltr'><strong>EPIST.</strong></span> <span class='ocrx_word' id='word_1_3' title='bbox 560 468 865 587; x_wconf 76' lang='lat' dir='ltr'><strong>SELE&#39;CTAE</strong></span> <span class='ocrx_word' id='word_1_4' title='bbox 893 480 1317 597; x_wconf 73' lang='lat' dir='ltr'><em>to&#39;DIVERsos.</em></span> <span class='ocrx_word' id='word_1_5' title='bbox 1358 506 1439 616; x_wconf 82' lang='lat'>213&#39;</span> <span class='ocrx_word' id='word_1_6' title='bbox 1559 490 1563 495; x_wconf 50' lang='grc'><strong>’</strong></span> 
     </span>
    </p>
   </div>
   <div class='ocr_carea' id='block_1_2' title="bbox 241 660 1438 885">
    <p class='ocr_par' dir='ltr' id='par_1_2' title="bbox 241 660 1438 885">
     <span class='ocr_line' id='line_1_2' title="bbox 247 660 1438 773; baseline 0.018 -22"><span class='ocrx_word' id='word_1_7' title='bbox 247 660 340 755; x_wconf 84' lang='lat' dir='ltr'><em>Bene</em></span> <span class='ocrx_word' id='word_1_8' title='bbox 358 684 452 769; x_wconf 88' lang='lat' dir='ltr'><em>vale,</em></span> <span class='ocrx_word' id='word_1_9' title='bbox 480 685 623 757; x_wconf 83' lang='lat' dir='ltr'><em>Adriane</em></span> <span class='ocrx_word' id='word_1_10' title='bbox 647 686 860 768; x_wconf 86' lang='lat' dir='ltr'><em>amieillime,</em></span> <span class='ocrx_word' id='word_1_11' title='bbox 886 690 922 763; x_wconf 91' lang='lat'>&amp;</span> <span class='ocrx_word' id='word_1_12' title='bbox 938 692 1061 769; x_wconf 77' lang='lat' dir='ltr'><em>fratres</em></span> <span class='ocrx_word' id='word_1_13' title='bbox 1088 713 1168 766; x_wconf 85' lang='lat' dir='ltr'><em>tuos</em></span> <span class='ocrx_word' id='word_1_14' title='bbox 1188 715 1269 768; x_wconf 88' lang='lat' dir='ltr'><em>meo</em></span> <span class='ocrx_word' id='word_1_15' title='bbox 1297 700 1438 773; x_wconf 89' lang='lat' dir='ltr'><em>nomine</em></span> 
     </span>
     <span class='ocr_line' id='line_1_3' title="bbox 241 778 1178 885; baseline 0.02 -40"><span class='ocrx_word' id='word_1_16' title='bbox 241 778 383 850; x_wconf 77' lang='lat' dir='ltr'><em>resaluta</em></span> <span class='ocrx_word' id='word_1_17' title='bbox 416 778 611 875; x_wconf 84' lang='lat' dir='ltr'><strong>diligenter.</strong></span> <span class='ocrx_word' id='word_1_18' title='bbox 662 783 783 885; x_wconf 79' lang='lat' dir='ltr'><em>Spirae.</em></span> <span class='ocrx_word' id='word_1_19' title='bbox 808 780 887 859; x_wconf 78' lang='lat' dir='ltr'><em>xli.</em></span> <span class='ocrx_word' id='word_1_20' title='bbox 913 788 1042 865; x_wconf 85' lang='lat' dir='ltr'><em>Martii.</em></span> <span class='ocrx_word' id='word_1_21' title='bbox 1069 792 1178 883; x_wconf 77' lang='lat'>1536.</span> 
     </span>
    </p>
   </div>
   <div class='ocr_carea' id='block_1_3' title="bbox 217 932 1593 1325">
    <p class='ocr_par' dir='ltr' id='par_1_3' title="bbox 217 932 1593 1325">
     <span class='ocr_line' id='line_1_4' title="bbox 406 932 1593 1131; baseline -0.002 -70"><span class='ocrx_word' id='word_1_22' title='bbox 406 932 1256 1067; x_wconf 74' lang='lat' dir='ltr'><em>nursvointxxix.</em></span> <span class='ocrx_word' id='word_1_23' title='bbox 1464 988 1593 1131; x_wconf 48' lang='lat'><em>3333</em></span> 
     </span>
     <span class='ocr_line' id='line_1_5' title="bbox 217 1188 1340 1325; baseline -0.001 -44"><span class='ocrx_word' id='word_1_24' title='bbox 217 1316 220 1325; x_wconf 10' lang='grc' dir='ltr'><strong>Α</strong></span> <span class='ocrx_word' id='word_1_25' title='bbox 338 1188 754 1282; x_wconf 76' lang='lat' dir='ltr'><em>coniuncto</em></span> <span class='ocrx_word' id='word_1_26' title='bbox 811 1190 1340 1284; x_wconf 76' lang='lat' dir='ltr'><em>Antunnacum.</em></span> 
     </span>
    </p>
   </div>
   <div class='ocr_carea' id='block_1_4' title="bbox 241 1144 1660 1750">
    <p class='ocr_par' dir='ltr' id='par_1_4' title="bbox 241 1144 1660 1750">
     <span class='ocr_line' id='line_1_6' title="bbox 1464 1144 1610 1217; baseline 0.041 -14"><span class='ocrx_word' id='word_1_27' title='bbox 1464 1144 1519 1206; x_wconf 84' lang='lat' dir='ltr'><em>sol.</em></span> <span class='ocrx_word' id='word_1_28' title='bbox 1541 1155 1610 1217; x_wconf 81' lang='lat'><em>358,</em></span> 
     </span>
     <span class='ocr_line' id='line_1_7' title="bbox 241 1408 1660 1517; baseline -0.006 -13"><span class='ocrx_word' id='word_1_29' title='bbox 241 1416 499 1506; x_wconf 79' lang='lat' dir='ltr'><em>Commendat</em></span> <span class='ocrx_word' id='word_1_30' title='bbox 535 1422 573 1499; x_wconf 87' lang='lat' dir='ltr'><em>ci</em></span> <span class='ocrx_word' id='word_1_31' title='bbox 615 1408 800 1499; x_wconf 85' lang='lat' dir='ltr'><em>Udolrici</em></span> <span class='ocrx_word' id='word_1_32' title='bbox 831 1410 949 1517; x_wconf 81' lang='lat' dir='ltr'><em>Zasti</em></span> <span class='ocrx_word' id='word_1_33' title='bbox 980 1415 1145 1501; x_wconf 74' lang='lat' dir='ltr'><em>localitas</em></span> <span class='ocrx_word' id='word_1_34' title='bbox 1177 1414 1437 1505; x_wconf 80' lang='lat' dir='ltr'><em>elucubratio-</em></span> <span class='ocrx_word' id='word_1_35' title='bbox 1480 1426 1582 1517; x_wconf 81' lang='lat'>153⁶·</span> <span class='ocrx_word' id='word_1_36' title='bbox 1654 1482 1660 1493; x_wconf 91' lang='lat'><strong>.</strong></span> 
     </span>
     <span class='ocr_line' id='line_1_8' title="bbox 294 1522 1375 1641; baseline 0.004 -29"><span class='ocrx_word' id='word_1_37' title='bbox 294 1557 374 1615; x_wconf 89' lang='lat' dir='ltr'><em>ncs.</em></span> <span class='ocrx_word' id='word_1_38' title='bbox 415 1526 487 1617; x_wconf 85' lang='lat' dir='ltr'><em>De</em></span> <span class='ocrx_word' id='word_1_39' title='bbox 504 1525 667 1641; x_wconf 84' lang='lat' dir='ltr'><em>vulgato</em></span> <span class='ocrx_word' id='word_1_40' title='bbox 682 1522 762 1639; x_wconf 87' lang='lat' dir='ltr'><em>sub</em></span> <span class='ocrx_word' id='word_1_41' title='bbox 781 1523 935 1608; x_wconf 88' lang='lat' dir='ltr'><em>Alciati</em></span> <span class='ocrx_word' id='word_1_42' title='bbox 951 1534 1106 1611; x_wconf 88' lang='lat' dir='ltr'><em>nomine</em></span> <span class='ocrx_word' id='word_1_43' title='bbox 1124 1526 1251 1616; x_wconf 87' lang='lat' dir='ltr'><em>alieno</em></span> <span class='ocrx_word' id='word_1_44' title='bbox 1263 1529 1375 1639; x_wconf 67' lang='lat' dir='ltr'><em>fectu,</em></span> 
     </span>
     <span class='ocr_line' id='line_1_9' title="bbox 483 1633 1197 1750; baseline -0.004 -21"><span class='ocrx_word' id='word_1_45' title='bbox 483 1638 532 1731; x_wconf 89' lang='lat' dir='ltr'><em>V</em></span> <span class='ocrx_word' id='word_1_46' title='bbox 526 1657 591 1724; x_wconf 83' lang='lat' dir='ltr'><em>oco</em></span> <span class='ocrx_word' id='word_1_47' title='bbox 620 1658 698 1750; x_wconf 86' lang='lat' dir='ltr'><em>pro</em></span> <span class='ocrx_word' id='word_1_48' title='bbox 730 1633 892 1749; x_wconf 85' lang='lat' dir='ltr'><em>Erasmi</em></span> <span class='ocrx_word' id='word_1_49' title='bbox 918 1636 1197 1727; x_wconf 77' lang='lat' dir='ltr'><em>incolumitate.</em></span> 
     </span>
    </p>
   </div>
   <div class='ocr_carea' id='block_1_5' title="bbox 103 1860 1521 4329">
    <p class='ocr_par' dir='ltr' id='par_1_5' title="bbox 103 1860 1431 3477">
     <span class='ocr_line' id='line_1_10' title="bbox 245 1860 1431 1963; baseline 0.001 -25"><span class='ocrx_word' id='word_1_50' title='bbox 245 1956 250 1963; x_wconf 21' lang='grc' dir='ltr'>ι</span> <span class='ocrx_word' id='word_1_51' title='bbox 332 1862 433 1938; x_wconf 66' lang='lat' dir='ltr'><em>Mica</em></span> <span class='ocrx_word' id='word_1_52' title='bbox 454 1861 559 1950; x_wconf 87' lang='lat' dir='ltr'><em>sacis,</em></span> <span class='ocrx_word' id='word_1_53' title='bbox 584 1860 770 1937; x_wconf 74' lang='lat' dir='ltr'><em>coulffime</em></span> <span class='ocrx_word' id='word_1_54' title='bbox 796 1864 988 1937; x_wconf 84' lang='lat' dir='ltr'><em>Amcrlatli</em></span> <span class='ocrx_word' id='word_1_55' title='bbox 999 1914 1011 1951; x_wconf 91' lang='lat'><em>,</em></span> <span class='ocrx_word' id='word_1_56' title='bbox 1045 1864 1108 1961; x_wconf 91' lang='lat' dir='ltr'><em>qui</em></span> <span class='ocrx_word' id='word_1_57' title='bbox 1134 1866 1204 1939; x_wconf 84' lang='lat' dir='ltr'><em>tuis</em></span> <span class='ocrx_word' id='word_1_58' title='bbox 1237 1888 1293 1939; x_wconf 90' lang='lat' dir='ltr'><em>me</em></span> <span class='ocrx_word' id='word_1_59' title='bbox 1320 1866 1431 1941; x_wconf 85' lang='lat' dir='ltr'><em>literis</em></span> 
     </span>
     <span class='ocr_line' id='line_1_11' title="bbox 355 1957 1429 2055; baseline 0.005 -25"><span class='ocrx_word' id='word_1_60' title='bbox 355 1982 419 2054; x_wconf 90' lang='lat' dir='ltr'><em>per</em></span> <span class='ocrx_word' id='word_1_61' title='bbox 445 1957 660 2034; x_wconf 79' lang='lat' dir='ltr'><em>occasionem</em></span> <span class='ocrx_word' id='word_1_62' title='bbox 684 1960 896 2055; x_wconf 62' lang='lat' dir='ltr'><em>impertias:</em></span> <span class='ocrx_word' id='word_1_63' title='bbox 932 1959 985 2032; x_wconf 88' lang='lat' dir='ltr'><em>Ut</em></span> <span class='ocrx_word' id='word_1_64' title='bbox 1011 1959 1102 2051; x_wconf 74' lang='lat' dir='ltr'><em>Zossi</em></span> <span class='ocrx_word' id='word_1_65' title='bbox 1125 1976 1274 2035; x_wconf 87' lang='lat' dir='ltr'><em>mortem</em></span> <span class='ocrx_word' id='word_1_66' title='bbox 1303 1964 1429 2049; x_wconf 81' lang='lat' dir='ltr'><em>doleo,</em></span> 
     </span>
     <span class='ocr_line' id='line_1_12' title="bbox 236 2055 1431 2151; baseline 0.003 -28"><span class='ocrx_word' id='word_1_67' title='bbox 236 2055 285 2129; x_wconf 87' lang='lat' dir='ltr'><em>ita</em></span> <span class='ocrx_word' id='word_1_68' title='bbox 304 2056 481 2127; x_wconf 75' lang='lat' dir='ltr'><em>memoria</em></span> <span class='ocrx_word' id='word_1_69' title='bbox 499 2056 571 2151; x_wconf 84' lang='lat' dir='ltr'><em>ejus</em></span> <span class='ocrx_word' id='word_1_70' title='bbox 585 2056 760 2149; x_wconf 84' lang='lat' dir='ltr'><em>gratulor,</em></span> <span class='ocrx_word' id='word_1_71' title='bbox 786 2076 887 2149; x_wconf 86' lang='lat' dir='ltr'><em>quam</em></span> <span class='ocrx_word' id='word_1_72' title='bbox 904 2058 1056 2149; x_wconf 83' lang='lat' dir='ltr'><em>eleganti</em></span> <span class='ocrx_word' id='word_1_73' title='bbox 1071 2056 1266 2151; x_wconf 85' lang='lat' dir='ltr'><em>Epitaphio</em></span> <span class='ocrx_word' id='word_1_74' title='bbox 1281 2056 1431 2147; x_wconf 82' lang='lat' dir='ltr'><em>Erasmus</em></span> 
     </span>
     <span class='ocr_line' id='line_1_13' title="bbox 235 2148 1430 2239; baseline 0.002 -18"><span class='ocrx_word' id='word_1_75' title='bbox 235 2150 434 2224; x_wconf 87' lang='lat' dir='ltr'><em>celebravit.</em></span> <span class='ocrx_word' id='word_1_76' title='bbox 459 2150 550 2227; x_wconf 90' lang='lat' dir='ltr'><em>lllud</em></span> <span class='ocrx_word' id='word_1_77' title='bbox 566 2174 680 2224; x_wconf 86' lang='lat' dir='ltr'><em>autent</em></span> <span class='ocrx_word' id='word_1_78' title='bbox 704 2172 802 2223; x_wconf 92' lang='lat' dir='ltr'><em>tuum</em></span> <span class='ocrx_word' id='word_1_79' title='bbox 823 2150 870 2221; x_wconf 86' lang='lat' dir='ltr'><em>est</em></span> <span class='ocrx_word' id='word_1_80' title='bbox 887 2148 1062 2236; x_wconf 89' lang='lat' dir='ltr'><em>officium,</em></span> <span class='ocrx_word' id='word_1_81' title='bbox 1087 2153 1135 2221; x_wconf 89' lang='lat' dir='ltr'><em>mi</em></span> <span class='ocrx_word' id='word_1_82' title='bbox 1152 2155 1340 2225; x_wconf 72' lang='lat' dir='ltr'><em>Antilochi</em></span> <span class='ocrx_word' id='word_1_83' title='bbox 1352 2203 1363 2239; x_wconf 89' lang='lat'><em>,</em></span> <span class='ocrx_word' id='word_1_84' title='bbox 1389 2174 1430 2223; x_wconf 88' lang='lat' dir='ltr'><em>ut</em></span> 
     </span>
     <span class='ocr_line' id='line_1_14' title="bbox 207 2242 1428 2341; baseline 0 -25"><span class='ocrx_word' id='word_1_85' title='bbox 207 2246 310 2337; x_wconf 65' lang='lat' dir='ltr'><em>‘ejus</em></span> <span class='ocrx_word' id='word_1_86' title='bbox 330 2246 416 2331; x_wconf 91' lang='lat' dir='ltr'><em>viri,</em></span> <span class='ocrx_word' id='word_1_87' title='bbox 444 2270 547 2341; x_wconf 88' lang='lat' dir='ltr'><em>quem</em></span> <span class='ocrx_word' id='word_1_88' title='bbox 570 2246 745 2320; x_wconf 87' lang='lat' dir='ltr'><em>viventem</em></span> <span class='ocrx_word' id='word_1_89' title='bbox 764 2242 969 2327; x_wconf 87' lang='lat' dir='ltr'><em>observasti,</em></span> <span class='ocrx_word' id='word_1_90' title='bbox 994 2264 1239 2331; x_wconf 86' lang='lat' dir='ltr'><em>monumenta,</em></span> <span class='ocrx_word' id='word_1_91' title='bbox 1265 2269 1345 2338; x_wconf 88' lang='lat' dir='ltr'><em>quae</em></span> <span class='ocrx_word' id='word_1_92' title='bbox 1367 2248 1428 2316; x_wconf 93' lang='lat' dir='ltr'><em>ille</em></span> 
     </span>
     <span class='ocr_line' id='line_1_15' title="bbox 231 2336 1427 2436; baseline -0.001 -25"><span class='ocrx_word' id='word_1_93' title='bbox 231 2358 379 2434; x_wconf 88' lang='lat' dir='ltr'><em>propter</em></span> <span class='ocrx_word' id='word_1_94' title='bbox 401 2360 536 2415; x_wconf 87' lang='lat' dir='ltr'><em>aetatem</em></span> <span class='ocrx_word' id='word_1_95' title='bbox 554 2360 660 2436; x_wconf 87' lang='lat' dir='ltr'><em>atque</em></span> <span class='ocrx_word' id='word_1_96' title='bbox 682 2339 931 2436; x_wconf 82' lang='lat' dir='ltr'><em>occupationes</em></span> <span class='ocrx_word' id='word_1_97' title='bbox 947 2341 982 2410; x_wconf 91' lang='lat' dir='ltr'><em>in</em></span> <span class='ocrx_word' id='word_1_98' title='bbox 1001 2342 1115 2413; x_wconf 88' lang='lat' dir='ltr'><em>lucem</em></span> <span class='ocrx_word' id='word_1_99' title='bbox 1141 2343 1299 2412; x_wconf 85' lang='lat' dir='ltr'><em>emittere</em></span> <span class='ocrx_word' id='word_1_100' title='bbox 1321 2336 1427 2411; x_wconf 91' lang='lat' dir='ltr'><em>distu-</em></span> 
     </span>
     <span class='ocr_line' id='line_1_16' title="bbox 233 2430 1426 2527; baseline 0.001 -23"><span class='ocrx_word' id='word_1_101' title='bbox 233 2436 295 2517; x_wconf 90' lang='lat' dir='ltr'><em>lit,</em></span> <span class='ocrx_word' id='word_1_102' title='bbox 321 2437 364 2508; x_wconf 86' lang='lat' dir='ltr'><em>ab</em></span> <span class='ocrx_word' id='word_1_103' title='bbox 393 2432 535 2509; x_wconf 87' lang='lat' dir='ltr'><em>interitu</em></span> <span class='ocrx_word' id='word_1_104' title='bbox 556 2434 767 2521; x_wconf 89' lang='lat' dir='ltr'><em>conserves,</em></span> <span class='ocrx_word' id='word_1_105' title='bbox 792 2432 1026 2527; x_wconf 86' lang='lat' dir='ltr'><em>vindicesque.</em></span> <span class='ocrx_word' id='word_1_106' title='bbox 1077 2430 1169 2505; x_wconf 89' lang='lat' dir='ltr'><em>Com</em></span> <span class='ocrx_word' id='word_1_107' title='bbox 1198 2435 1291 2507; x_wconf 90' lang='lat' dir='ltr'><em>enim</em></span> <span class='ocrx_word' id='word_1_108' title='bbox 1317 2432 1426 2527; x_wconf 88' lang='lat' dir='ltr'><em>usque</em></span> 
     </span>
     <span class='ocr_line' id='line_1_17' title="bbox 234 2526 1427 2625; baseline -0.001 -25"><span class='ocrx_word' id='word_1_109' title='bbox 234 2530 279 2600; x_wconf 87' lang='lat' dir='ltr'><em>ad</em></span> <span class='ocrx_word' id='word_1_110' title='bbox 297 2549 487 2604; x_wconf 84' lang='lat' dir='ltr'><em>extremam</em></span> <span class='ocrx_word' id='word_1_111' title='bbox 502 2529 772 2625; x_wconf 68' lang='lat' dir='ltr'><em>proveiiamque</em></span> <span class='ocrx_word' id='word_1_112' title='bbox 787 2528 997 2601; x_wconf 72' lang='lat' dir='ltr'><em>seneliuttm</em></span> <span class='ocrx_word' id='word_1_113' title='bbox 1014 2526 1204 2601; x_wconf 85' lang='lat' dir='ltr'><em>studiorum</em></span> <span class='ocrx_word' id='word_1_114' title='bbox 1225 2531 1359 2603; x_wconf 84' lang='lat' dir='ltr'><em>labores</em></span> <span class='ocrx_word' id='word_1_115' title='bbox 1376 2532 1427 2599; x_wconf 90' lang='lat' dir='ltr'><em>in-</em></span> 
     </span>
     <span class='ocr_line' id='line_1_18' title="bbox 103 2622 1426 2717; baseline 0 -22"><span class='ocrx_word' id='word_1_116' title='bbox 103 2636 104 2707; x_wconf 80' lang='lat'><em>]</em></span> <span class='ocrx_word' id='word_1_117' title='bbox 233 2622 361 2696; x_wconf 84' lang='lat' dir='ltr'><em>defesse</em></span> <span class='ocrx_word' id='word_1_118' title='bbox 379 2627 653 2712; x_wconf 83' lang='lat' dir='ltr'><em>continuaverit,</em></span> <span class='ocrx_word' id='word_1_119' title='bbox 674 2648 745 2699; x_wconf 91' lang='lat' dir='ltr'><em>non</em></span> <span class='ocrx_word' id='word_1_120' title='bbox 764 2624 888 2697; x_wconf 90' lang='lat' dir='ltr'><em>dubito</em></span> <span class='ocrx_word' id='word_1_121' title='bbox 908 2625 992 2715; x_wconf 90' lang='lat' dir='ltr'><em>quin</em></span> <span class='ocrx_word' id='word_1_122' title='bbox 1020 2624 1124 2717; x_wconf 85' lang='lat' dir='ltr'><em>plora</em></span> <span class='ocrx_word' id='word_1_123' title='bbox 1148 2626 1320 2697; x_wconf 87' lang='lat' dir='ltr'><em>annotarit</em></span> <span class='ocrx_word' id='word_1_124' title='bbox 1341 2647 1426 2697; x_wconf 84' lang='lat' dir='ltr'><em>con·</em></span> 
     </span>
     <span class='ocr_line' id='line_1_19' title="bbox 103 2715 1425 2815; baseline 0.001 -24"><span class='ocrx_word' id='word_1_125' title='bbox 103 2720 105 2767; x_wconf 50' lang='lat' dir='ltr'><strong>ff</strong></span> <span class='ocrx_word' id='word_1_126' title='bbox 231 2715 441 2814; x_wconf 81' lang='lat' dir='ltr'><em>gess‘eritque</em></span> <span class='ocrx_word' id='word_1_127' title='bbox 459 2718 687 2795; x_wconf 86' lang='lat' dir='ltr'><em>studiosorum</em></span> <span class='ocrx_word' id='word_1_128' title='bbox 701 2718 851 2792; x_wconf 71' lang='lat' dir='ltr'><em>lestiooe</em></span> <span class='ocrx_word' id='word_1_129' title='bbox 867 2717 981 2811; x_wconf 87' lang='lat' dir='ltr'><em>digna.</em></span> <span class='ocrx_word' id='word_1_130' title='bbox 1032 2718 1114 2810; x_wconf 90' lang='lat' dir='ltr'><em>Ego</em></span> <span class='ocrx_word' id='word_1_131' title='bbox 1129 2718 1212 2791; x_wconf 89' lang='lat' dir='ltr'><em>dum</em></span> <span class='ocrx_word' id='word_1_132' title='bbox 1228 2722 1263 2791; x_wconf 94' lang='lat' dir='ltr'><em>in</em></span> <span class='ocrx_word' id='word_1_133' title='bbox 1281 2724 1351 2793; x_wconf 89' lang='lat' dir='ltr'><em>hoc</em></span> <span class='ocrx_word' id='word_1_134' title='bbox 1369 2726 1425 2815; x_wconf 85' lang='lat' dir='ltr'><em>ju·</em></span> 
     </span>
     <span class='ocr_line' id='line_1_20' title="bbox 103 2810 1423 2911; baseline 0.002 -24"><span class='ocrx_word' id='word_1_135' title='bbox 103 2872 104 2887; x_wconf 67' lang='grc'>,</span> <span class='ocrx_word' id='word_1_136' title='bbox 232 2816 327 2886; x_wconf 89' lang='lat' dir='ltr'><em>dicio</em></span> <span class='ocrx_word' id='word_1_137' title='bbox 350 2813 501 2889; x_wconf 84' lang='lat' dir='ltr'><em>versatus</em></span> <span class='ocrx_word' id='word_1_138' title='bbox 527 2814 620 2902; x_wconf 90' lang='lat' dir='ltr'><em>sum,</em></span> <span class='ocrx_word' id='word_1_139' title='bbox 645 2816 738 2909; x_wconf 87' lang='lat' dir='ltr'><em>apud</em></span> <span class='ocrx_word' id='word_1_140' title='bbox 761 2812 941 2909; x_wconf 85' lang='lat' dir='ltr'><em>plerosque</em></span> <span class='ocrx_word' id='word_1_141' title='bbox 963 2810 1099 2898; x_wconf 82' lang='lat' dir='ltr'><em>causas,</em></span> <span class='ocrx_word' id='word_1_142' title='bbox 1124 2816 1249 2908; x_wconf 84' lang='lat' dir='ltr'><em>quibus</em></span> <span class='ocrx_word' id='word_1_143' title='bbox 1278 2816 1335 2889; x_wconf 91' lang='lat' dir='ltr'><em>ille</em></span> <span class='ocrx_word' id='word_1_144' title='bbox 1361 2840 1423 2911; x_wconf 90' lang='lat' dir='ltr'><em>pa·</em></span> 
     </span>
     <span class='ocr_line' id='line_1_21' title="bbox 231 2907 1422 3004; baseline 0.002 -23"><span class='ocrx_word' id='word_1_145' title='bbox 231 2908 425 2982; x_wconf 77' lang='lat' dir='ltr'><em>trutinatur</em></span> <span class='ocrx_word' id='word_1_146' title='bbox 443 2910 515 2997; x_wconf 84' lang='lat' dir='ltr'><em>est,</em></span> <span class='ocrx_word' id='word_1_147' title='bbox 541 2912 708 3004; x_wconf 87' lang='lat' dir='ltr'><em>praeclara</em></span> <span class='ocrx_word' id='word_1_148' title='bbox 731 2910 864 3003; x_wconf 86' lang='lat' dir='ltr'><em>aliquot</em></span> <span class='ocrx_word' id='word_1_149' title='bbox 889 2909 961 3001; x_wconf 84' lang='lat' dir='ltr'><em>ejus</em></span> <span class='ocrx_word' id='word_1_150' title='bbox 987 2907 1129 2982; x_wconf 79' lang='lat' dir='ltr'><em>consilia</em></span> <span class='ocrx_word' id='word_1_151' title='bbox 1144 2913 1244 3003; x_wconf 61' lang='lat' dir='ltr'><em>legi„</em></span> <span class='ocrx_word' id='word_1_152' title='bbox 1276 2909 1371 3003; x_wconf 84' lang='lat' dir='ltr'><em>Quae</em></span> <span class='ocrx_word' id='word_1_153' title='bbox 1395 2910 1422 2983; x_wconf 86' lang='lat' dir='ltr'><strong>fi</strong></span> 
     </span>
     <span class='ocr_line' id='line_1_22' title="bbox 111 3002 1423 3101; baseline 0 -25"><span class='ocrx_word' id='word_1_154' title='bbox 111 3072 115 3083; x_wconf 90' lang='grc'><strong>,</strong></span> <span class='ocrx_word' id='word_1_155' title='bbox 231 3006 478 3101; x_wconf 79' lang='lat' dir='ltr'><em>colligerentur</em></span> <span class='ocrx_word' id='word_1_156' title='bbox 497 3008 771 3099; x_wconf 87' lang='lat' dir='ltr'><em>ederenturqoe,</em></span> <span class='ocrx_word' id='word_1_157' title='bbox 797 3002 906 3077; x_wconf 93' lang='lat' dir='ltr'><em>dubio</em></span> <span class='ocrx_word' id='word_1_158' title='bbox 929 3006 1053 3097; x_wconf 85' lang='lat' dir='ltr'><em>procul</em></span> <span class='ocrx_word' id='word_1_159' title='bbox 1076 3028 1146 3077; x_wconf 92' lang='lat' dir='ltr'><em>non</em></span> <span class='ocrx_word' id='word_1_160' title='bbox 1171 3008 1251 3078; x_wconf 87' lang='lat' dir='ltr'><em>leve</em></span> <span class='ocrx_word' id='word_1_161' title='bbox 1270 3029 1423 3077; x_wconf 87' lang='lat' dir='ltr'><em>momen·</em></span> 
     </span>
     <span class='ocr_line' id='line_1_23' title="bbox 230 3098 1420 3192; baseline 0 -21"><span class='ocrx_word' id='word_1_162' title='bbox 230 3121 307 3171; x_wconf 89' lang='lat' dir='ltr'><em>tum</em></span> <span class='ocrx_word' id='word_1_163' title='bbox 326 3102 370 3172; x_wconf 89' lang='lat' dir='ltr'><em>ad</em></span> <span class='ocrx_word' id='word_1_164' title='bbox 392 3100 577 3175; x_wconf 88' lang='lat' dir='ltr'><em>sorenlium</em></span> <span class='ocrx_word' id='word_1_165' title='bbox 591 3098 777 3173; x_wconf 69' lang='lat' dir='ltr'><em>actionum</em></span> <span class='ocrx_word' id='word_1_166' title='bbox 792 3098 888 3171; x_wconf 91' lang='lat' dir='ltr'><em>usum</em></span> <span class='ocrx_word' id='word_1_167' title='bbox 910 3116 1015 3191; x_wconf 87' lang='lat' dir='ltr'><em>atque</em></span> <span class='ocrx_word' id='word_1_168' title='bbox 1031 3100 1190 3192; x_wconf 86' lang='lat' dir='ltr'><em>peritiam</em></span> <span class='ocrx_word' id='word_1_169' title='bbox 1208 3098 1420 3173; x_wconf 88' lang='lat' dir='ltr'><em>conferrent.</em></span> 
     </span>
     <span class='ocr_line' id='line_1_24' title="bbox 230 3192 1420 3287; baseline -0.002 -20"><span class='ocrx_word' id='word_1_170' title='bbox 230 3192 367 3268; x_wconf 89' lang='lat' dir='ltr'><em>Prodiit</em></span> <span class='ocrx_word' id='word_1_171' title='bbox 379 3199 432 3270; x_wconf 87' lang='lat' dir='ltr'><em>his</em></span> <span class='ocrx_word' id='word_1_172' title='bbox 444 3198 606 3271; x_wconf 88' lang='lat' dir='ltr'><em>nundinis</em></span> <span class='ocrx_word' id='word_1_173' title='bbox 624 3219 667 3271; x_wconf 83' lang='lat' dir='ltr'><em>ex</em></span> <span class='ocrx_word' id='word_1_174' title='bbox 684 3192 835 3283; x_wconf 80' lang='lat' dir='ltr'><em>Colonia</em></span> <span class='ocrx_word' id='word_1_175' title='bbox 852 3194 940 3267; x_wconf 89' lang='lat' dir='ltr'><em>liber</em></span> <span class='ocrx_word' id='word_1_176' title='bbox 956 3194 1018 3287; x_wconf 92' lang='lat' dir='ltr'><em>qui</em></span> <span class='ocrx_word' id='word_1_177' title='bbox 1038 3192 1200 3287; x_wconf 87' lang='lat' dir='ltr'><em>Proceffut</em></span> <span class='ocrx_word' id='word_1_178' title='bbox 1219 3196 1420 3287; x_wconf 78' lang='lat' dir='ltr'><em>Judicr&#39;orius</em></span> 
     </span>
     <span class='ocr_line' id='line_1_25' title="bbox 227 3286 1422 3385; baseline -0.004 -21"><span class='ocrx_word' id='word_1_179' title='bbox 227 3292 349 3364; x_wconf 87' lang='lat' dir='ltr'><em>Alcioti</em></span> <span class='ocrx_word' id='word_1_180' title='bbox 382 3292 608 3377; x_wconf 89' lang='lat' dir='ltr'><em>inscribitur,</em></span> <span class='ocrx_word' id='word_1_181' title='bbox 639 3313 744 3385; x_wconf 86' lang='lat' dir='ltr'><em>quem</em></span> <span class='ocrx_word' id='word_1_182' title='bbox 772 3290 816 3363; x_wconf 86' lang='lat' dir='ltr'><em>de</em></span> <span class='ocrx_word' id='word_1_183' title='bbox 848 3286 964 3360; x_wconf 85' lang='lat' dir='ltr'><em>fronte</em></span> <span class='ocrx_word' id='word_1_184' title='bbox 996 3287 1217 3381; x_wconf 72' lang='lat' dir='ltr'><em>conspectum</em></span> <span class='ocrx_word' id='word_1_185' title='bbox 1242 3287 1422 3361; x_wconf 83' lang='lat' dir='ltr'><em>confestim</em></span> 
     </span>
     <span class='ocr_line' id='line_1_26' title="bbox 227 3383 1421 3477; baseline -0.002 -21"><span class='ocrx_word' id='word_1_186' title='bbox 227 3384 449 3459; x_wconf 82' lang='lat' dir='ltr'><em>subdititium</em></span> <span class='ocrx_word' id='word_1_187' title='bbox 466 3384 533 3461; x_wconf 85' lang='lat' dir='ltr'><em>else</em></span> <span class='ocrx_word' id='word_1_188' title='bbox 549 3387 798 3461; x_wconf 81' lang='lat' dir='ltr'><em>animadverti:</em></span> <span class='ocrx_word' id='word_1_189' title='bbox 818 3385 905 3456; x_wconf 91' lang='lat' dir='ltr'><em>nihil</em></span> <span class='ocrx_word' id='word_1_190' title='bbox 919 3384 1013 3455; x_wconf 89' lang='lat' dir='ltr'><em>enirn</em></span> <span class='ocrx_word' id='word_1_191' title='bbox 1030 3404 1182 3477; x_wconf 88' lang='lat' dir='ltr'><em>unquam</em></span> <span class='ocrx_word' id='word_1_192' title='bbox 1198 3383 1358 3454; x_wconf 84' lang='lat' dir='ltr'><em>Alcimum</em></span> <span class='ocrx_word' id='word_1_193' title='bbox 1372 3402 1421 3455; x_wconf 91' lang='lat' dir='ltr'><em>ta-</em></span> 
     </span>
    </p>

    <p class='ocr_par' dir='ltr' id='par_1_6' title="bbox 163 3477 1521 4329">
     <span class='ocr_line' id='line_1_27' title="bbox 227 3477 1521 3589; baseline -0.001 -39"><span class='ocrx_word' id='word_1_194' title='bbox 227 3482 261 3551; x_wconf 92' lang='lat' dir='ltr'><em>le</em></span> <span class='ocrx_word' id='word_1_195' title='bbox 283 3482 441 3553; x_wconf 86' lang='lat' dir='ltr'><em>meditari</em></span> <span class='ocrx_word' id='word_1_196' title='bbox 457 3482 620 3579; x_wconf 81' lang='lat' dir='ltr'><em>cognovi.</em></span> <span class='ocrx_word' id='word_1_197' title='bbox 638 3480 715 3554; x_wconf 90' lang='lat' dir='ltr'><em>Ubi</em></span> <span class='ocrx_word' id='word_1_198' title='bbox 727 3482 816 3554; x_wconf 82' lang='lat' dir='ltr'><em>verb</em></span> <span class='ocrx_word' id='word_1_199' title='bbox 834 3479 986 3575; x_wconf 83' lang='lat' dir='ltr'><em>penitius</em></span> <span class='ocrx_word' id='word_1_200' title='bbox 1004 3477 1156 3589; x_wconf 86' lang='lat' dir='ltr'><em>inspexi,</em></span> <span class='ocrx_word' id='word_1_201' title='bbox 1179 3478 1336 3573; x_wconf 90' lang='lat' dir='ltr'><em>comperi</em></span> <span class='ocrx_word' id='word_1_202' title='bbox 1347 3500 1419 3549; x_wconf 88' lang='lat' dir='ltr'><em>non</em></span> <span class='ocrx_word' id='word_1_203' title='bbox 1518 3522 1521 3527; x_wconf 95' lang='lat'>-</span> 
     </span>
     <span class='ocr_line' id='line_1_28' title="bbox 163 3568 1420 3671; baseline 0.001 -26"><span class='ocrx_word' id='word_1_204' title='bbox 163 3650 166 3659; x_wconf 62' lang='grc'><strong>,</strong></span> <span class='ocrx_word' id='word_1_205' title='bbox 227 3574 402 3647; x_wconf 85' lang='lat' dir='ltr'><em>aliudesse</em></span> <span class='ocrx_word' id='word_1_206' title='bbox 418 3571 521 3669; x_wconf 77' lang='lat' dir='ltr'><em>quam</em></span> <span class='ocrx_word' id='word_1_207' title='bbox 538 3578 709 3671; x_wconf 87' lang='lat' dir='ltr'><em>quandam</em></span> <span class='ocrx_word' id='word_1_208' title='bbox 723 3574 950 3671; x_wconf 81' lang='lat' dir='ltr'><em>speculatoris</em></span> <span class='ocrx_word' id='word_1_209' title='bbox 966 3572 1074 3645; x_wconf 87' lang='lat' dir='ltr'><em>nostrr</em></span> <span class='ocrx_word' id='word_1_210' title='bbox 1090 3568 1278 3666; x_wconf 85' lang='lat' dir='ltr'><em>Epitornen</em></span> <span class='ocrx_word' id='word_1_211' title='bbox 1287 3623 1301 3659; x_wconf 90' lang='lat'><em>,</em></span> <span class='ocrx_word' id='word_1_212' title='bbox 1315 3592 1420 3665; x_wconf 81' lang='lat' dir='ltr'><em>etque</em></span> 
     </span>
     <span class='ocr_line' id='line_1_29' title="bbox 225 3668 1417 3763; baseline -0.001 -22"><span class='ocrx_word' id='word_1_213' title='bbox 225 3668 391 3755; x_wconf 74' lang='lat' dir='ltr'><em>Alcimum</em></span> <span class='ocrx_word' id='word_1_214' title='bbox 414 3674 517 3743; x_wconf 86' lang='lat' dir='ltr'><em>etiam</em></span> <span class='ocrx_word' id='word_1_215' title='bbox 537 3674 611 3747; x_wconf 90' lang='lat' dir='ltr'><em>illic</em></span> <span class='ocrx_word' id='word_1_216' title='bbox 642 3674 751 3745; x_wconf 88' lang='lat' dir='ltr'><em>citari.</em></span> <span class='ocrx_word' id='word_1_217' title='bbox 800 3672 902 3745; x_wconf 86' lang='lat' dir='ltr'><em>Adeo</em></span> <span class='ocrx_word' id='word_1_218' title='bbox 924 3670 1013 3741; x_wconf 90' lang='lat' dir='ltr'><em>nihil</em></span> <span class='ocrx_word' id='word_1_219' title='bbox 1031 3669 1144 3762; x_wconf 90' lang='lat' dir='ltr'><em>pudet</em></span> <span class='ocrx_word' id='word_1_220' title='bbox 1171 3668 1417 3763; x_wconf 75' lang='lat' dir='ltr'><em>typographos</em></span> 
     </span>
     <span class='ocr_line' id='line_1_30' title="bbox 225 3760 1415 3859; baseline -0.001 -24"><span class='ocrx_word' id='word_1_221' title='bbox 225 3786 309 3835; x_wconf 88' lang='lat' dir='ltr'><em>curn</em></span> <span class='ocrx_word' id='word_1_222' title='bbox 329 3765 441 3837; x_wconf 84' lang='lat' dir='ltr'><em>aliena</em></span> <span class='ocrx_word' id='word_1_223' title='bbox 464 3764 555 3837; x_wconf 88' lang='lat' dir='ltr'><em>fama</em></span> <span class='ocrx_word' id='word_1_224' title='bbox 571 3766 713 3853; x_wconf 88' lang='lat' dir='ltr'><em>ludere,</em></span> <span class='ocrx_word' id='word_1_225' title='bbox 739 3768 776 3841; x_wconf 94' lang='lat'>&amp;</span> <span class='ocrx_word' id='word_1_226' title='bbox 797 3764 947 3859; x_wconf 86' lang='lat' dir='ltr'><em>quaestus</em></span> <span class='ocrx_word' id='word_1_227' title='bbox 968 3763 1020 3837; x_wconf 92' lang='lat' dir='ltr'><em>sui</em></span> <span class='ocrx_word' id='word_1_228' title='bbox 1061 3766 1165 3849; x_wconf 83' lang='lat' dir='ltr'><em>tatia,</em></span> <span class='ocrx_word' id='word_1_229' title='bbox 1190 3760 1280 3833; x_wconf 88' lang='lat' dir='ltr'><em>salsrs</em></span> <span class='ocrx_word' id='word_1_230' title='bbox 1306 3763 1415 3834; x_wconf 82' lang='lat' dir='ltr'><em>titulis</em></span> 
     </span>
     <span class='ocr_line' id='line_1_31' title="bbox 224 3786 1416 3955; baseline 0.001 -26"><span class='ocrx_word' id='word_1_231' title='bbox 224 3854 385 3933; x_wconf 85' lang='lat' dir='ltr'><em>studiosis</em></span> <span class='ocrx_word' id='word_1_232' title='bbox 407 3862 597 3955; x_wconf 85' lang='lat' dir='ltr'><em>imponere.</em></span> <span class='ocrx_word' id='word_1_233' title='bbox 646 3862 772 3933; x_wconf 83' lang='lat' dir='ltr'><em>Alcioto</em></span> <span class='ocrx_word' id='word_1_234' title='bbox 805 3860 958 3953; x_wconf 88' lang='lat' dir='ltr'><em>nequid</em></span> <span class='ocrx_word' id='word_1_235' title='bbox 985 3786 1099 3932; x_wconf 66' lang='lat' dir='ltr'><em>rursus</em></span> <span class='ocrx_word' id='word_1_236' title='bbox 1124 3853 1256 3930; x_wconf 86' lang='lat' dir='ltr'><em>adserat</em></span> <span class='ocrx_word' id='word_1_237' title='bbox 1283 3858 1416 3930; x_wconf 88' lang='lat' dir='ltr'><em>incom-</em></span> 
     </span>
     <span class='ocr_line' id='line_1_32' title="bbox 225 3950 1417 4049; baseline 0.002 -24"><span class='ocrx_word' id='word_1_238' title='bbox 225 3953 323 4027; x_wconf 90' lang='lat' dir='ltr'><em>modi</em></span> <span class='ocrx_word' id='word_1_239' title='bbox 339 3958 407 4028; x_wconf 90' lang='lat' dir='ltr'><em>hoc</em></span> <span class='ocrx_word' id='word_1_240' title='bbox 427 3955 554 4029; x_wconf 83' lang='lat' dir='ltr'><em>bellum</em></span> <span class='ocrx_word' id='word_1_241' title='bbox 573 3956 670 4049; x_wconf 88' lang='lat' dir='ltr'><em>quod</em></span> <span class='ocrx_word' id='word_1_242' title='bbox 692 3957 784 4047; x_wconf 86' lang='lat' dir='ltr'><em>apud</em></span> <span class='ocrx_word' id='word_1_243' title='bbox 810 3952 968 4027; x_wconf 86' lang='lat' dir='ltr'><em>Insubres</em></span> <span class='ocrx_word' id='word_1_244' title='bbox 996 3975 1206 4037; x_wconf 86' lang='lat' dir='ltr'><em>renovatur,</em></span> <span class='ocrx_word' id='word_1_245' title='bbox 1229 3950 1331 4037; x_wconf 83' lang='lat' dir='ltr'><em>valde</em></span> <span class='ocrx_word' id='word_1_246' title='bbox 1356 3976 1417 4027; x_wconf 92' lang='lat' dir='ltr'><em>ve·</em></span> 
     </span>
     <span class='ocr_line' id='line_1_33' title="bbox 226 4043 1412 4135; baseline 0.003 -15"><span class='ocrx_word' id='word_1_247' title='bbox 226 4072 332 4122; x_wconf 87' lang='lat' dir='ltr'><em>reor:</em></span> <span class='ocrx_word' id='word_1_248' title='bbox 357 4072 398 4123; x_wconf 84' lang='lat' dir='ltr'><em>ac</em></span> <span class='ocrx_word' id='word_1_249' title='bbox 424 4052 536 4125; x_wconf 84' lang='lat' dir='ltr'><em>exitus</em></span> <span class='ocrx_word' id='word_1_250' title='bbox 556 4052 682 4135; x_wconf 89' lang='lat' dir='ltr'><em>docet,</em></span> <span class='ocrx_word' id='word_1_251' title='bbox 709 4048 896 4121; x_wconf 84' lang='lat' dir='ltr'><em>consultius</em></span> <span class='ocrx_word' id='word_1_252' title='bbox 914 4070 993 4120; x_wconf 89' lang='lat' dir='ltr'><em>eum</em></span> <span class='ocrx_word' id='word_1_253' title='bbox 1012 4045 1110 4121; x_wconf 83' lang='lat' dir='ltr'><em>fuilse</em></span> <span class='ocrx_word' id='word_1_254' title='bbox 1131 4043 1301 4120; x_wconf 72' lang='lat' dir='ltr'><em>saliorum</em></span> <span class='ocrx_word' id='word_1_255' title='bbox 1325 4045 1350 4119; x_wconf 92' lang='lat' dir='ltr'><em>sr</em></span> <span class='ocrx_word' id='word_1_256' title='bbox 1373 4052 1412 4123; x_wconf 94' lang='lat' dir='ltr'><em>in</em></span> 
     </span>
     <span class='ocr_line' id='line_1_34' title="bbox 225 4141 1411 4239; baseline 0.003 -26"><span class='ocrx_word' id='word_1_257' title='bbox 225 4142 426 4219; x_wconf 71' lang='lat' dir='ltr'><em>patavinam</em></span> <span class='ocrx_word' id='word_1_258' title='bbox 454 4146 675 4219; x_wconf 88' lang='lat' dir='ltr'><em>Academiam</em></span> <span class='ocrx_word' id='word_1_259' title='bbox 700 4146 744 4216; x_wconf 88' lang='lat' dir='ltr'><em>ad</em></span> <span class='ocrx_word' id='word_1_260' title='bbox 774 4164 915 4237; x_wconf 86' lang='lat' dir='ltr'><em>quarna</em></span> <span class='ocrx_word' id='word_1_261' title='bbox 938 4144 1054 4215; x_wconf 79' lang='lat' dir='ltr'><em>Bernlo</em></span> <span class='ocrx_word' id='word_1_262' title='bbox 1076 4141 1245 4236; x_wconf 85' lang='lat' dir='ltr'><em>aliisque,</em></span> <span class='ocrx_word' id='word_1_263' title='bbox 1277 4148 1411 4239; x_wconf 80' lang='lat' dir='ltr'><em>magnis</em></span> 
     </span>
     <span class='ocr_line' id='line_1_35' title="bbox 224 4234 1413 4329; baseline -0.002 -20"><span class='ocrx_word' id='word_1_264' title='bbox 224 4239 403 4329; x_wconf 88' lang='lat' dir='ltr'><em>stipendiis</em></span> <span class='ocrx_word' id='word_1_265' title='bbox 423 4243 652 4327; x_wconf 84' lang='lat' dir='ltr'><em>invitabatur,</em></span> <span class='ocrx_word' id='word_1_266' title='bbox 675 4238 745 4313; x_wconf 90' lang='lat' dir='ltr'><em>sese</em></span> <span class='ocrx_word' id='word_1_267' title='bbox 768 4234 973 4311; x_wconf 86' lang='lat' dir='ltr'><em>contulisset.</em></span> <span class='ocrx_word' id='word_1_268' title='bbox 1023 4237 1071 4311; x_wconf 89' lang='lat' dir='ltr'><em>D.</em></span> <span class='ocrx_word' id='word_1_269' title='bbox 1097 4236 1264 4329; x_wconf 83' lang='lat' dir='ltr'><em>Erosnum</em></span> <span class='ocrx_word' id='word_1_270' title='bbox 1282 4262 1413 4311; x_wconf 87' lang='lat' dir='ltr'><em>conva-</em></span> 
     </span>
    </p>
   </div>
   <div class='ocr_carea' id='block_1_6' title="bbox 222 4331 1412 4519">
    <p class='ocr_par' dir='ltr' id='par_1_7' title="bbox 222 4331 1412 4519">
     <span class='ocr_line' id='line_1_36' title="bbox 222 4331 1412 4519; baseline 0.001 -114"><span class='ocrx_word' id='word_1_271' title='bbox 222 4332 349 4409; x_wconf 86' lang='lat' dir='ltr'><em>lescere</em></span> <span class='ocrx_word' id='word_1_272' title='bbox 362 4339 508 4431; x_wconf 86' lang='lat' dir='ltr'><em>gaudeo.</em></span> <span class='ocrx_word' id='word_1_273' title='bbox 558 4337 618 4453; x_wconf 17' lang='lat' dir='ltr'><em>Et&amp;</em></span> <span class='ocrx_word' id='word_1_274' title='bbox 630 4356 671 4411; x_wconf 89' lang='lat' dir='ltr'><em>ut</em></span> <span class='ocrx_word' id='word_1_275' title='bbox 689 4336 750 4411; x_wconf 92' lang='lat' dir='ltr'><em>diu</em></span> <span class='ocrx_word' id='word_1_276' title='bbox 777 4331 1075 4519; x_wconf 53' lang='lat' dir='ltr'><em>viva&#39;fflalgeatque</em></span> <span class='ocrx_word' id='word_1_277' title='bbox 1096 4331 1182 4410; x_wconf 84' lang='lat' dir='ltr'><em>faxit</em></span> <span class='ocrx_word' id='word_1_278' title='bbox 1199 4331 1299 4409; x_wconf 87' lang='lat' dir='ltr'><em>Deus</em></span> <span class='ocrx_word' id='word_1_279' title='bbox 1317 4332 1412 4499; x_wconf 46' lang='grc' dir='ltr'><em>θεὲ</em></span> 
     </span>
    </p>
   </div>
   <div class='ocr_carea' id='block_1_7' title="bbox 0 0 1988 5167">
    <p class='ocr_par' dir='ltr' id='par_1_8' title="bbox 0 0 1988 5167">
     <span class='ocr_line' id='line_1_37' title="bbox 0 0 1988 5167; baseline 0 10"><span class='ocrx_word' id='word_1_280' title='bbox 0 0 1988 5167; x_wconf 95' lang='lat' dir='ltr'><em> </em></span> 
     </span>
    </p>
   </div>
  </div>
 </body>
</html>
