3967 5167
546 518 602 611 16
656 504 894 610 VI'GLII
922 530 988 600 nn
1016 501 1280 601 AYTTA
1315 500 1693 604 ZUICHEMI

548 707 610 786 etst
629 706 714 781 mihi
740 702 826 777 nihil
848 701 967 797 potnit
995 700 1199 795 contingere
1218 700 1394 797 optatius,
1417 724 1543 800 magna
1559 724 1676 777 tamen
1693 702 1748 779 so·

547 804 732 881 licitudine
749 799 880 873 afficior
902 796 1081 893 quomodo
1107 796 1196 871 tanti
1221 800 1290 871 viri
1314 822 1398 895 erga
1417 822 1474 874 me
1494 800 1749 876 benevolentia

545 900 762 996 tespondere
781 916 914 991 queam.
965 889 1056 964 Eam
1070 914 1158 964 vero
1176 895 1273 989 qnod
1287 918 1401 993 nuper
1417 898 1520 971 etiam
1538 897 1681 993 publiea
1698 917 1750 971 te·

549 996 654 1079 stari,
679 993 716 1069 &
745 1015 799 1068 me
817 1010 958 1063 ⁴aeternn
979 989 1159 1063 literatum
1181 1007 1316 1063 tuarum
1339 996 1474 1065 honore
1494 992 1750 1069 immortalitati

522 1148 526 1155 -
550 1091 751 1169 consectare
767 1086 942 1171 volueris,
954 1080 1014 1157 etfi
1027 1108 1099 1158 non
1116 1084 1231 1178 potest
1244 1086 1328 1159 mihi
1343 1110 1416 1161 non
1431 1085 1498 1161 css'e
1506 1087 1749 1182 gratissimum,

552 1182 716 1263 erubesco
733 1185 852 1255 tamen
867 1200 937 1253 tam
952 1181 1063 1253 multa
1081 1202 1138 1251 me
1153 1181 1219 1255 tibi
1234 1180 1360 1259 debere
1376 1196 1454 1277 qnae
1486 1202 1562 1257 tota
1584 1185 1752 1260 videlicet

551 1286 626 1359 vita
648 1278 830 1357 dissolvere
862 1297 1045 1370 nequeam.
1094 1274 1233 1351 Vereor
1255 1298 1371 1353 antem
1397 1280 1435 1353 &
1461 1282 1595 1367 timeo,
1619 1302 1664 1352 ne
1689 1283 1749 1355 ad·

540 1374 672 1455 ‘versus
688 1374 769 1449 istos
794 1372 874 1445 solis
897 1372 1013 1445 radios
1037 1372 1165 1446 intueri
1186 1373 1305 1448 adhuc
1328 1374 1470 1471 pnffim,
1494 1396 1584 1449 neve
1610 1376 1750 1453 ubine

438 1530 441 1540 .
552 1473 650 1549 datii
669 1490 807 1546 tuarum
819 1466 1045 1563 epistolarum
1068 1466 1246 1543 avidiffimi
1261 1468 1415 1546 teneret
1426 1473 1678 1565 cognoverint,
1690 1496 1751 1549 ve·

551 1574 606 1645 lut
627 1566 856 1643 adulterinum
880 1562 1018 1659 pullum
1035 1560 1074 1634 &
1096 1564 1302 1659 degenerem
1327 1565 1451 1661 (cnjus
1468 1566 1558 1640 acies
1573 1590 1645 1641 non
1661 1565 1752 1643 fetat
1801 1644 1806 1651 ,

499 1724 503 1747 ,
553 1662 817 1739 immortalitatis
840 1658 979 1753 lucem)
1005 1658 1134 1733 cnido
1167 1664 1406 1758 praecipitent,
1432 1684 1499 1736 nec
1531 1663 1567 1733 in
1597 1658 1663 1736 isto
1689 1685 1750 1738 tno

554 1762 637 1837 albo
654 1758 849 1833 admittant.
874 1754 1007 1827 Dicent
1029 1756 1119 1865 enim
1138 1754 1308 1842 fortassis,
1331 1760 1439 1831 modo
1456 1758 1568 1830 infans
1586 1780 1679 1870 erata
1702 1758 1750 1835 sic

553 1848 1302 2027 titiamneaman
1321 1850 1751 2057 engitman

553 2044 725 2123 scribendi
750 2040 956 2118 cacoethes!
981 2040 1081 2129 Quid
1103 2044 1185 2117 alias
1206 2042 1482 2139 reprehensionis
1509 2066 1610 2118 notas
1634 2068 1752 2121 recen·

555 2143 674 2223 seam?
700 2138 810 2234 Quod
825 2138 973 2234 iuvenili
988 2139 1182 2213 temeritate
1198 2138 1321 2215 duetus
1332 2138 1432 2213 ansus
1448 2136 1750 2217 inerimsummum

458 2312 465 2319 ,
554 2240 669 2314 aetatis
684 2232 812 2309 nostrae
823 2237 938 2311 virum
957 2235 1065 2307 literis
1082 2236 1166 2308 meis
1176 2236 1416 2329 interpellare,
1439 2234 1549 2330 iisqne
1567 2236 1658 2310 aden
1680 2242 1751 2312 ine·

520 2409 525 2419 ,
556 2336 628 2433 ptis
646 2334 684 2411 δι
703 2332 855 2428 ignotus.
887 2328 1028 2423 Quare,
1044 2326 1241 2405 Dostiffime
1256 2332 1389 2421 Erasmt
1399 2382 1411 2418 ,
1426 2330 1489 2403 niss
1512 2332 1572 2404 hic
1586 2334 1753 2410 clientulo

556 2451 621 2503 tuo
639 2428 867 2597 Ratiocineris
887 2476 899 2511 ,
923 2426 1028 2520 'piane
1055 2446 1099 2497 ex
1117 2421 1181 2499 ista
1204 2424 1329 2513 scena,
1347 2426 1390 2539 'in
1412 2447 1516 2539 qnam
1536 2426 1646 2521 ipsum
1667 2454 1757 2526 pro-

555 2525 641 2601 duxi
672 2526 685 2599 i
699 2572 709 2608 ‚
743 2522 962 2617 explodatur.
1011 2518 1110 2596 Tute
1138 2521 1224 2597 mihi
1249 2522 1320 2598 hoc
1344 2524 1468 2598 intristi
1492 2520 1594 2618 (2),
1627 2542 1694 2601 oro
1716 2548 1757 2605 ut

556 2626 631 2715 ejus
650 2642 670 2693 a
691 2640 747 2691 me
766 2620 905 2726 culpam
923 2616 1086 2691 defendas
1096 2640 1116 2729 ς.
1131 2640 1212 2691 nam
1230 2619 1326 2713 qnod
1343 2613 1417 2694 tuin
1430 2642 1487 2693 me
1513 2618 1674 2695 amicitiae
1687 2622 1757 2699 stu·

555 2714 657 2809 diose
681 2712 896 2796 infinuatam,
921 2710 981 2785 etsi
1001 2732 1119 2786 caetett
1144 2713 1429 2809 repraehendent,
1453 2736 1509 2789 me
1526 2736 1644 2794 tamen
1659 2741 1759 2793 nnm-

404 2818 406 2823 ’
554 2834 663 2911 quam
692 2806 879 2905 poenitibit.
932 2805 1085 2901 Culpam
1107 2829 1244 2896 tamen,
1268 2812 1365 2905 qnod
1388 2833 1469 2884 mea
1494 2806 1641 2906 epistola
1665 2814 1758 2891 inter

556 2900 1102 3001 tuat·publicatasst,longiffime
1117 2927 1139 2979 a
1153 2927 1208 2976 me
1225 2902 1337 2980 abess'e
1355 2908 1506 3003 cupiam.
1532 2903 1757 3006 Quamquam

559 3006 653 3079 enim
671 3002 782 3073 minus
804 2999 966 3079 deberem
985 3000 1103 3073 vereri
1120 3022 1196 3074 eam
1209 3004 1248 3077 in
1268 3000 1459 3077 Laeliorum
1474 3022 1596 3077 manna
1611 3008 1759 3097 venire,

554 3095 745 3197 postquam
758 3120 779 3171 a
792 3114 830 3173 te
846 3092 963 3171 Persio
989 3094 1136 3192 probata
1153 3092 1224 3191 est,
1247 3117 1427 3176 tenenat
1452 3118 1491 3175 tu
1514 3118 1661 3271 caeoertdia
1675 3124 1758 3213 etu-

773 3216 777 3226 ’
1646 3218 1773 3274 attone·

601 3365 666 3453 (1)
688 3365 733 3433 ‘Sit
748 3386 811 3431 ner
845 3364 1172 3450 tmePoe'tadessermit
1187 3368 1288 3457 effi]
1312 3368 1488 3439 Imitatum
1502 3370 1696 3441 videturtx
1710 3368 1756 3439 A.

560 3449 673 3519 Periio
692 3452 729 3519 in
749 3468 814 3535 pro
828 3468 907 3537 ogo.

832 3610 901 3677 Nec
913 3609 1003 3696 sonte
1025 3610 1111 3677 labra
1125 3613 1230 3696 prolui
1249 3610 1426 3681 Cabailino:

836 3694 904 3761 Nea
924 3700 955 3757 in
977 3694 1090 3779 bicipiti
1101 3697 1261 3781 somniaffa
1280 3697 1430 3782 Parnaffo

832 3776 978 3855 Memini,
998 3794 1033 3842 ut
1054 3796 1168 3863 repente
1179 3781 1224 3863 fic
1242 3778 1337 3847 Pom
1351 3780 1514 3869 prodirem.

507 4004 512 4021 ,
604 3935 789 4015 Destetto,
810 3936 857 4013 is,
879 3936 934 4013 ni,
956 3954 1029 4006 ere,
1070 3936 1216 4023 Ceffercie
1236 3940 1355 4023 rnnfler.
1376 3940 1556 4027 Postquam
1569 3938 1759 4015 destertuit.

561 4022 667 4093 Somno
699 4029 860 4087 excitatas.
902 4019 1101 4090 Vamierins
1119 4024 1157 4091 in
1175 4022 1267 4093 Diti.
1286 4026 1442 4109 poetico.

526 4134 530 4139 ·
600 4104 668 4253 Sa)
691 4102 832 4187 Intrasti]
857 4104 898 4170 ab
919 4106 1030 4172 verbo
1050 4104 1159 4175 Inteto.

629 4200 680 4251 ata
699 4188 750 4253 hoc
776 4186 887 4269 intristi·
898 4232 911 4271 ,
942 4187 995 4254 tibi
1023 4208 1107 4255 omne
1138 4210 1154 4253 e
1197 4188 1390 4257 exedendum.
1432 4188 1514 4259 Ter.
1554 4190 1652 4260 Vnus
1672 4207 1762 4261 vous

552 4276 640 4425 ιεδει
660 4268 895 4425 embaraffila
914 4270 1064 4354 dedans,
1085 4272 1138 4342 c’e
1187 4288 1318 4344 avons
1339 4292 1359 4343 a
1378 4288 1470 4345 vona
1490 4289 1536 4346 en
1555 4277 1652 4349 tinen
1693 4276 1762 4348 Pet.

594 4360 709 4425 mutius
725 4362 762 4425 in
815 4358 867 4425 i.
1351 4420 1355 4425 .
