3967 5167
546 526 626 614 118
656 513 896 614 VIGLII
925 542 993 613 Au
1022 517 1291 613 AYTTA
1318 511 1690 612 ZUICHEMI
1798 589 1802 596 .

544 691 595 765 tia
620 714 736 768 eutem
763 715 837 768 etat
859 695 957 792 quod
977 699 1226 772 Amerbacltinm·
1255 693 1341 768 scire
1360 693 1549 789 cupiebtut
1560 740 1573 780 ,
1600 693 1638 770 δι
1661 719 1750 775 nun·

546 789 617 861 tius
642 789 785 885 quidem
813 792 856 864 ad
883 814 919 867 te
943 795 1160 888 perlaturum
1188 788 1222 865 se
1259 794 1379 873 literar
1408 792 1541 885 recepit
1566 791 1750 880 lubenter,

548 907 590 958 ut
605 886 693 960 vete
717 885 887 960 Basilenm
910 905 1070 977 cureret,
1095 887 1190 965 haud
1223 909 1323 981 aeque
1339 907 1500 984 paratum
1518 886 1749 970 se'exhibuit.

546 979 673 1077 Itaque
692 981 758 1058 suit
780 986 866 1056 mihi
892 980 1023 1076 necesse
1045 997 1138 1058 tu'am
1164 1005 1310 1079 operam
1338 982 1510 1079 poscere,
1536 983 1749 1080 &propere

548 1081 769 1249 proindeque
790 1081 981 1176 impolitius
998 1084 1041 1154 ad
1059 1103 1092 1154 te
1112 1079 1270 1155 scribere.
1305 1080 1481 1175 Cupiebnt
1495 1103 1614 1164 autern,
1629 1101 1674 1156 ex
1691 1105 1749 1158 me

564 1177 634 1248 cire
656 1178 911 1264 Anterbucliur,
943 1200 988 1247 nn
1020 1175 1168 1250 Venetae
1195 1175 1342 1253 officinae
1368 1177 1521 1250 Ciceronis
1547 1179 1749 1256 molirentur

549 1274 747 1348 editionem.
799 1270 911 1358 Quod
933 1271 1021 1346 scire
1040 1275 1142 1349 certo
1168 1276 1283 1350 adhuc
1307 1297 1377 1348 nou
1402 1272 1528 1368 potui,
1553 1276 1614 1346 vin
1631 1294 1749 1352 temen

548 1370 710 1444 arbitror.
760 1365 1032 1452 Emendationee
1061 1364 1350 1456 ciceronianum,
1377 1371 1471 1464 quod
1493 1376 1665 1460 preterea
1686 1373 1748 1446 ille

546 1464 765 1558 requirebat,
780 1463 922 1537 difficile
940 1467 999 1538 lric
1012 1463 1067 1538 est
1078 1464 1245 1548 nancisci,
1258 1466 1426 1561 citiusque
1439 1465 1577 1544 clunem
1594 1465 1637 1538 ab
1649 1467 1747 1542 Her-

548 1563 638 1634 cule.
660 1589 665 1597 ·
687 1557 815 1634 Habeo
838 1579 970 1644 tamen,
985 1565 1140 1658 quaedatu
1163 1563 1199 1634 in
1224 1558 1388 1658 epistolas
1410 1563 1453 1636 ael
1474 1562 1640 1646 Atticum,
1665 1585 1749 1657 quae

484 1683 487 1688 ’
548 1679 619 1728 uon
644 1658 731 1735 levit
751 1658 836 1733 milti
861 1663 1027 1752 momenti
1045 1657 1114 1732 elle
1131 1659 1320 1740 videntum
1346 1681 1456 1750 eaque
1484 1655 1612 1736 lubens
1634 1659 1748 1736 nuilu-

547 1776 608 1826 rus
626 1752 711 1826 sum.
762 1755 997 1828 institutiones
1021 1777 1151 1848 graecus
1180 1752 1368 1848 descriptas
1420 1756 1533 1826 rivato
1560 1777 1652 1828 nunc
1668 1757 1749 1850 jure

598 1849 725 1936 ilideu,
749 1875 790 1924 ac
809 1854 854 1926 tle
872 1853 915 1922 iis
934 1854 1039 1924 etiarn
1053 1851 1267 1926 excudendis
1291 1777 1417 1945 scripti)
1427 1853 1471 1924 ad
1494 1852 1748 1930 Amerletiium.

550 2027 553 2033 ,
589 1971 636 2020 on
659 1945 760 2022 ausus
787 1945 841 2026 ful
859 1970 964 2022 antea
986 1949 1050 2022 tibi
1072 1931 1263 2043 significare
1289 1969 1343 2020 nte
1368 1943 1548 2042 suscepisse
1568 1947 1748 2041 publicam

546 2042 609 2116 hic
628 2043 815 2141 profitendi
838 2044 1078 2138 provinciam,
1102 2065 1201 2138 quae,
1227 2062 1266 2116 ut
1288 2043 1372 2118 olim
1395 2041 1588 2118 Praetorum
1614 2043 1750 2122 nostru·

548 2155 626 2212 rum
652 2142 835 2236 imperium
861 2138 899 2212 ἃ
923 2137 1138 2234 Jurisdillio,
1164 2162 1259 2214 atino
1279 2139 1493 2213 terminatur.
1544 2137 1639 2216 Haec
1660 2141 1747 2218 mibi

548 2234 667 2308 adhuc
691 2236 913 2314 mediocriter
932 2233 1105 2324 succedit,
1131 2233 1168 2308 δι
1191 2232 1357 2310 mutnus
1379 2253 1557 2331 utcunque
1579 2234 1750 2314 adversus

546 2329 661 2405 Italici
695 2331 797 2406 Colle
821 2351 851 2404 a
883 2333 1013 2426 (quem
1039 2349 1264 2408 concurrentem
1293 2331 1482 2425 vocamus)
1523 2329 1747 2408 ambitionem

547 2427 589 2500 ut
614 2428 781 2502 invidiam
797 2354 949 2503 5i‘ttblliti.
1002 2431 1191 2522 Surquetum
1210 2427 1399 2502 studiorum
1423 2449 1581 2502 meorum
1603 2430 1748 2504 unicum

547 2520 731 2614 sodalem,
765 2525 802 2600 δι
832 2547 985 2619 quocum
1019 2525 1104 2597 mihi
1126 2523 1301 2597 aruiffima
1334 2519 1466 2618 semper
1498 2547 1653 2619 apueto
1679 2524 1749 2601 suit

549 2621 729 2706 amicitia,
762 2644 876 2715 nuper
902 2621 1054 2694 Taurini
1077 2623 1296 2694 immaturum
1325 2616 1434 2694 satum
1460 2616 1607 2694 sustulit.
1659 2621 1747 2716 Quo

549 2718 637 2789 mihi
651 2717 701 2788 nil
718 2721 832 2809 potuit
852 2717 1010 2790 acerbius
1027 2719 1196 2789 accidere.
1246 2715 1357 2812 quue
1382 2717 1495 2788 multo
1517 2737 1594 2790 ante
1613 2718 1749 2792 animur

548 2809 792 2907 praesagiebat,
819 2811 1029 2907 conatusque
1053 2813 1126 2890 sum
1141 2805 1241 2888 illurn
1254 2813 1374 2890 multis
1392 2811 1474 2884 inde
1491 2805 1645 2908 epistolis
1662 2837 1748 2890 avo·

549 2929 654 2993 care;
678 2906 736 2980 sed
766 2908 855 2980 nihil
904 2909 1024 2984 rofeci.
1072 2913 1179 3002 Ligus
1207 2910 1251 2982 de
1274 2909 1371 3004 cujus
1391 2907 1486 2980 abitu
1509 2907 1573 2980 tibi
1599 2907 1746 3007 scripsi,

485 3086 490 3093 s
548 2999 665 3076 rursus
687 3006 746 3078 hic
772 3028 862 3098 expe
899 3027 999 3090 atur,
1025 3002 1062 3088 br
1084 3003 1346 3081 nunciatumest
1371 3003 1494 3088 nobis,
1517 3001 1669 3080 Comieit
1686 3029 1747 3082 cu·

463 3093 485 3120 s
547 3099 679 3197 jusdam
697 3098 807 3172 filium
826 3096 1074 3175 instituendum
1090 3095 1293 3195 suscepille,
1317 3101 1461 3192 hucque
1485 3097 1635 3172 distento
1659 3125 1748 3177 mar·

550 3196 652 3294 supio
678 3196 880 3286 rediturum.
932 3195 1048 3280 Cesar
1078 3196 1194 3273 adhuc
1218 3195 1266 3272 est
1281 3195 1466 3278 ,Bononiae
1492 3217 1575 3272 cnm¹
1597 3197 1747 3272 Pontifi-

551 3315 593 3367 ce
618 3290 693 3387 (1)
719 3306 763 3366 ac·
785 3314 832 3365 nu
860 3315 897 3366 er
921 3295 1007 3366 illuc
1038 3295 1209 3374 advenere
1232 3293 1380 3388 legatia
1405 3287 1620 3365 Francorum
1644 3289 1746 3390 Rege
1849 3377 1854 3390 ,

552 3383 738 3480 Francijctlt
762 3411 786 3460 a
838 3407 951 3463 tenone
972 3387 1054 3484 (Ὠ)
1076 3387 1305 3472 Cardinalia‚'
1318 3412 1359 3462 ac
1379 3387 1465 3458 alter
1487 3384 1683 3483 Episcopus
1708 3393 1748 3464 ui

549 3483 673 3571 fallor,
697 3481 919 3557 'serbienliu'
937 3484 1009 3580 (3)
1036 3481 1136 3572 Quid
1154 3483 1352 3568 ‚consultum
1371 3480 1537 3568 nonsatis
1557 3485 1668 3582 vulgo
1683 3483 1750 3562 sci·

550 3601 618 3657 tur.
667 3579 778 3675 Aiunt
813 3601 944 3668 tamen,
971 3579 1142 3654 caesarem
1166 3583 1315 3676 peractis
1338 3581 1411 3656 illic
1434 3579 1565 3674 nuptiis
1585 3583 1691 3756 inte}i
1709 3581 1750 3655 fi-

690 3701 694 3710 '
1691 3697 1748 3754 m

593 3878 658 3963 (1)
687 3874 855 3961 nonme]
876 3817 1060 3950 clemente
1081 3811 1154 3946 vii.
1222 3837 1225 3845 ’
1265 3821 1270 3829 ’
1337 3920 1340 3930 .

597 3967 660 4047 (n)
682 3960 855 4046 Frontiscur
875 3981 895 4026 o
917 3961 1062 4030 Tamum·
1075 3959 1192 4046 Curti]
1221 3959 1329 4047 vulgo
1350 3962 1402 4030 De
1433 3957 1595 4040 Tenum,
1625 3961 1749 4041 Gallus

574 4041 688 4114 reatus
708 4065 728 4111 a
755 4043 940 4115 Clemente
964 4031 1044 4116 vit.
1066 4040 1257 4113 Cardinalis
1276 4063 1333 4113 au.
1360 4063 1401 4129 15
1420 4065 1453 4113 o.
1469 4037 1533 4116 dle
1545 4065 1597 4130 19.
1627 4045 1749 4116 Merui

551 4063 595 4197 ge
613 4148 682 4212 quo
708 4128 846 4195 consule
868 4129 1004 4197 Uocem.
1027 4133 1098 4197 toiri.
1114 4148 1144 4212 3.
1165 4127 1217 4196 co'l.
1236 4131 1312 4210 506.
1335 4127 1371 4197 fs
1381 4063 1469 4216 ssqq.
1527 4196 1530 4207 ,

593 4213 656 4298 (3)
676 4209 837 4307 Episcopi!
856 4206 1041 4308 Terbitufit]
1062 4213 1121 4294 lege
1133 4209 1212 4276 Turb
1260 4231 1306 4293 ts;
1328 4211 1423 4314 sarie
1445 4211 1567 4280 civitas
1592 4209 1641 4281 est
1662 4212 1749 4281 Gnl⁴

550 4299 626 4447 'rsa
643 4293 1449 4465 iiiiissiiiniiii‘is”soien‘issffiliii
1462 4295 1750 4553 fiffiffi}

1083 4477 1088 4488 ’
1133 4508 1140 4522 ·
1693 4484 1707 4532 c
