3967 5167
361 490 551 585 norst.
582 487 985 584 sumerem
1015 488 1346 591 utvnnsos.
1406 501 1462 612 87

264 714 368 792 igitur
383 693 441 766 hic
455 691 653 858 interpretis
671 687 821 764 officium
829 739 843 776 ,
856 687 948 798 justo
959 693 1114 766 examine
1125 692 1363 788 perpendere,
1374 693 1461 790 quid

264 787 424 864 videatur
442 786 495 860 1ae
522 789 545 858 il
560 808 697 860 acorum
718 785 898 858 sentenuae
917 787 1027 878 magis
1055 790 1226 862 accedere.
1254 788 1461 886 Jufiinianur

261 906 397 973 autem,
415 889 478 980 qui
494 810 660 976 seomnia
670 881 785 976 prima
798 882 943 955 Codicis
960 881 1283 980 Pandetarumque
1300 886 1456 960 editione

260 983 483 1076 complexum
511 979 706 1062 credebat,
747 1003 791 1052 an
829 1001 899 1051 non
931 973 982 1048 est
1006 998 1155 1072 propter
1187 983 1313 1052 multos
1341 1005 1462 1066 novos·

258 1074 355 1150 casus
373 1071 637 1174 praetermissos,
662 1075 735 1162 illic
751 1076 795 1146 ad
810 1074 997 1168 repetitam
1017 1074 1277 1168 praelesiionem
1295 1079 1457 1170 coaetus,

258 1172 297 1246 in
317 1176 520 1270 quamtitas
541 1173 669 1267 adjecit
687 1170 990 1246 constitutiones?
1016 1169 1095 1262 Jam
1108 1173 1231 1258 etiam,
1256 1170 1336 1245 cum
1350 1175 1457 1248 inter·

255 1269 455 1366 pretendi,
477 1268 614 1357 idest,
648 1264 908 1340 Commentaria
927 1264 1102 1340 scribendi
1124 1269 1267 1342 licentia
1293 1271 1457 1365 adempta

257 1363 365 1450 esset,
390 1386 540 1460 quantus
565 1360 679 1436 statim
707 1364 865 1436 tumulus
884 1383 1164 1452 concertaturum
1181 1366 1323 1438 aliarum
1353 1364 1457 1460 super

256 1461 345 1534 alias
360 1456 592 1537 Novellarum
606 1457 793 1553 excrevit?
819 1459 877 1530 An
896 1481 966 1530 non
987 1481 1087 1532 exeo
1106 1461 1324 1553 colligimus,
1350 1462 1456 1536 inter-

255 1559 490 1654 pretationem
526 1556 750 1649 prudentium
775 1551 994 1628 necessariam
1022 1552 1121 1640 effe,
1155 1580 1233 1650 quae
1261 1559 1456 1632 exorientes

257 1643 472 1746 quaestiones
491 1651 675 1742 discutiat,
692 1653 750 1725 vel
767 1648 965 1744 Principem
985 1649 1113 1724 debere
1132 1650 1264 1746 semper
1285 1655 1455 1728 intentum

243 1745 345 1836 effe,
370 1768 410 1821 ut
431 1771 546 1825 novos
567 1746 664 1820 casus
694 1748 795 1820 novis
819 1745 1099 1819 institutionibus
1126 1745 1295 1822 diffiniat?
1323 1751 1371 1822 At
1398 1753 1456 1822 cui

255 1843 339 1942 post
370 1843 592 1939 Juliinionum
625 1842 785 1937 Principi
816 1867 857 1915 ea
888 1867 972 1916 cura
1000 1843 1100 1927 fuit,
1136 1868 1241 1936 quum
1266 1846 1337 1939 jam
1364 1847 1458 1918 mille

255 1938 325 2024 sint
347 1943 429 2013 anni
452 1939 550 2037 quod
567 1941 628 2012 ille
651 1940 697 2010 im
724 2022 728 2030 ¹
749 1941 801 2012 rio
823 1961 903 2012 cum
924 1961 1036 2012 morte
1056 1937 1237 2038 defunslur
1257 1939 1337 2026 rsl‘?
1352 1940 1461 2030 Quiri

255 2037 379 2132 itaque
393 2037 668 2111 miramurimme
706 2033 940 2110 amnunceli'e
952 2035 1289 2111 Commentariorum
1306 2043 1452 2125 molem,

259 2154 340 2226 quae
357 2133 492 2206 initium
514 2134 652 2228 accepit
666 2134 757 2205 intra
775 2134 1047 2228 quadringentos
1076 2139 1213 2210 annos?
1241 2133 1319 2207 Erit
1340 2156 1456 2208 autern

254 2227 404 2302 fortassis
419 2227 508 2325 justa
523 2233 662 2324 querela
684 2229 819 2314 nostra,
841 2231 884 2302 de
903 2230 1104 2326 Principum
1129 2231 1288 2323 ignavia,
1315 2235 1377 2326 qui
1403 2250 1458 2304 tot

256 2323 383 2400 seculis
400 2324 670 2400 succrescentem
687 2346 741 2399 tot
757 2325 1013 2399 dubitationum
1040 2331 1216 2399 materiam
1238 2350 1308 2400 non
1334 2329 1457 2422 praeci-

256 2423 395 2495 derunt
445 2419 496 2494 Et
513 2421 625 2494 tribus
645 2422 762 2494 verbis
785 2424 862 2514 lege
878 2419 1008 2494 firmati
1027 2423 1160 2514 aliquid
1187 2419 1300 2515 posset
1317 2425 1360 2496 de
1385 2445 1459 2516 quo

257 2519 355 2612 apud
374 2516 503 2614 viginti
519 2514 785 2612 scriptoresper
803 2520 930 2606 multas
944 2518 1089 2612 paginas
1107 2515 1312 2612 disputatur.
1363 2517 1457 2594 Puto

159 2695 165 2700 .
255 2613 377 2709 itaque
394 2612 430 2700 in
449 2614 515 2684 hac
533 2608 737 2704 Principum
766 2608 949 2686 cessatione
975 2615 1119 2688 omnino
1151 2609 1368 2688 necessariam
1392 2615 1459 2690 elie

255 2709 600 2782 commentationem.
652 2704 785 2780 Sed&
813 2729 886 2779 turn
900 2759 912 2794 ,
936 2708 1015 2782 cum
1039 2707 1231 2804 vigilabant
1256 2707 1456 2806 Principes,

256 2803 297 2879 δι
322 2806 406 2878 huic
424 2803 476 2878 rei
494 2825 711 2898 magnacum
735 2803 839 2876 laude
862 2828 1005 2899 operam
1033 2805 1186 2891 dabant,
1218 2825 1315 2880 erant
1341 2821 1455 2882 tamen
1556 2854 1562 2880 2

219 2951 223 2956 -
252 2899 403 2996 plurimi
419 2901 551 3067 egregii
565 2898 830 2991 Juriscousulti,
854 2901 892 2974 δι
911 2902 936 2972 ii
960 2923 1079 2972 omnes
1107 2925 1150 2974 ex
1178 2925 1327 2996 quorum
1353 2905 1457 2978 inrer-

285 2999 456 3071 retatione
548 2993 716 3090 responfis
743 2993 930 3068 Pandestae
954 2995 1033 3071 sunt
1060 2993 1224 3092 digestae,
1250 2999 1311 3092 qui
1329 2997 1457 3076 Edisla

253 3020 475 3179 Puerorum,
506 3091 711 3186 Principum
746 3090 1052 3181 Constitutiones,
1088 3091 1390 3170 Senatusconsulta
1418 3096 1457 3168 ἃ

253 3183 376 3282 Leges
394 3185 728 3284 interpretabantur,
754 3186 856 3260 ut&
883 3189 975 3264 tituli
998 3188 1191 3274 librorum,
1218 3189 1278 3284 qui
1299 3189 1362 3263 soll
1399 3215 1457 3262 ex·

252 3304 355 3369 tant,
377 3281 458 3355 satis
476 3287 592 3356 adhuc
616 3281 814 3358 ostendunt.
864 3282 948 3356 Non
979 3281 1057 3355 sunt
1083 3288 1202 3379 itaque
1225 3285 1370 3359 omnino
1397 3311 1457 3359 ex·

250 3381 428 3480 plodendi
452 3380 513 3473 qui
533 3379 801 3452 Commentariis
819 3379 963 3452 aliorum
983 3380 1218 3454 dubitationes
1242 3382 1457 3474 inquirendi-

253 3503 330 3574 que
354 3476 508 3550 laborem
526 3472 716 3548 sublevant
767 3472 901 3548 Vertim
919 3475 1021 3566 ¹ratio
1078 3479 1166 3548 'tius
1196 3476 1233 3550 δι
1262 3476 1458 3552 Methodus

253 3569 448 3670 quaerenda
467 3571 606 3643 videtur
636 3571 908 3665 interpretandi,
932 3595 1008 3644 eam
1049 3593 1062 3642 t
1089 3572 1295 3645 haberemus
1320 3578 1378 3646 vel
1409 3573 1458 3646 se-

198 3741 207 3754 ,
252 3689 467 3766 queremur,
493 3669 693 3740 tolleremus
710 3661 858 3752 fortaffis,
870 3689 1009 3739 omnem
1025 3665 1182 3742 nauseam
1198 3689 1277 3762 quac
1295 3672 1456 3764 plerique

255 3788 307 3841 ex
329 3764 668 3836 Commentariorum
689 3761 843 3835 ledione
868 3761 1018 3836 nascitur
1034 3817 1057 3852 ,,
1081 3765 1119 3840 &
1147 3768 1377 3838 minueremus
1403 3790 1458 3840 tot

254 3860 523 3937 Commentaria
540 3859 750 3952 modumque
776 3859 1033 3953 imponeremus
1058 3857 1353 3954 scripturientium
1369 3862 1459 3950 libi-

251 3955 344 4032 dini.
396 3951 585 4026 Scribimus
607 3975 720 4029 autem
738 3951 873 4050 indosii
885 3957 1047 4050 dosiique
1063 3969 1228 4050 poemata
1238 3955 1375 4049 palfim,
1399 3958 1459 4032 sed

252 4047 393 4126 indosii
415 4051 477 4145 qui
510 4052 639 4123 nullam
659 4069 770 4121 artem
787 4048 959 4123 scribendi
977 4070 1113 4134 tenent,
1140 4075 1181 4123 ea
1206 4074 1284 4148 quse
1308 4053 1458 4130 brevissi·

253 4146 406 4222 medici
448 4163 585 4220 oterant
598 4194 612 4232 ‚
636 4145 673 4220 in
697 4149 844 4241 longum
876 4148 1084 4231 extendunt,
1109 4149 1147 4221 &
1182 4171 1259 4244 quae
1290 4149 1380 4223 bene
1407 4153 1458 4223 dl-

255 4241 357 4417 gesta
382 4243 550 4337 ajuvare
578 4260 764 4338 poterant,
789 4237 932 4316 confusa
958 4242 1003 4316 ab
1030 4243 1098 4315 illis
1121 4245 1322 4339 impediunt.
1373 4247 1458 4318 Dia·
1529 4298 1536 4304 -

274 4334 417 4417 edicam
435 4359 519 4437 ergo
540 4335 695 4421 didicdse
712 4339 889 4417 debebant
907 4339 1044 4436 ii,'qul
1062 4339 1152 4417 ‘huic
1182 4342 1296 4418 labori
1319 4362 1456 4416 manum
1564 4404 1574 4432 „

1383 4431 1462 4508 sunt
