3967 5167
1636 265 1645 307 l

575 486 667 585 '162
696 452 942 593 'uiuum
967 514 1034 581 m
1061 488 1321 583 Arrun
1347 489 1732 587 auronum·

590 690 737 779 quenrer
755 690 770 769 ,’
790 682 834 759 ad
854 704 924 757 tam
944 706 1043 757 acret
1065 662 1582 776 parentis'literas'obandias?
1607 682 1707 759 Solet
1729 689 1800 763 illa

591 802 673 852 aetas
684 784 739 865 ,in
752 804 821 875 qua
837 799 875 852 tu
887 782 958 874 jam
972 778 1178 850 constitutus
1195 801 1264 871 es,
1276 776 1370 873 quast
1383 778 1455 872 jam
1472 778 1634 854 defunsla
1654 783 1786 859 adoles.

590 878 715 947 centiae
742 879 901 959 lubrico,
923 876 1063 947 tandem
1085 875 1131 947 ad
1152 874 1311 959 laudem,
1336 876 1380 945 ad
1399 870 1596 961 fortunam,
1620 899 1726 973 atque
1741 880 1786 953 ad

593 974 658 1043 alia
677 973 803 1064 quibus
818 969 966 1065 sequens
981 969 1154 1065 indigebit
1169 970 1253 1043 vitae
1275 992 1433 1063 tempus,
1457 966 1650 1064 respicere,
1682 996 1786 1069 atque

592 1069 741 1137 animum
767 1067 918 1160 erigere:
944 1086 980 1141 at
994 1086 1033 1137 tu
1049 1067 1175 1138 horum
1195 1065 1284 1139 adeo
1304 1068 1392 1137 nihil
1409 1066 1563 1159 cogitas,
1587 1088 1627 1141 ut
1650 1092 1691 1143 ea
1712 1094 1784 1145 om·

592 1162 649 1233 nia
667 1164 712 1235 ad
730 1182 808 1257 quae
829 1165 886 1235 alii
901 1160 1041 1235 summis
1053 1161 1173 1233 studiis
1190 1163 1369 1235 intendere
1387 1160 1520 1247 solent,
1544 1161 1640 1256 quali
1663 1166 1708 1237 de
1733 1170 1783 1239 in-

546 1322 550 1341 ,
591 1256 719 1329 dustria
736 1253 934 1331 subvertere
950 1259 1137 1331 mediteris.
1187 1256 1281 1329 Nam
1297 1257 1485 1329 studiorum
1502 1278 1595 1330 certe
1610 1260 1699 1334 adeo
1720 1264 1786 1338 tibi

468 1408 473 1416 ,
592 1354 687 1424 nulla
712 1351 777 1428 effe
803 1376 886 1427 cura
906 1355 1066 1436 videtur,
1092 1371 1132 1427 tt
1151 1355 1258 1424 multa
1281 1353 1522 1447 obiurgatione
1541 1376 1631 1447 opus
1654 1355 1715 1445 srt,
1740 1357 1785 1433 ad

590 1449 727 1521 literam
745 1473 848 1521 unam
870 1451 1139 1545 exprimendam.
1166 1446 1224 1521 Ol
1246 1448 1360 1521 sterile
1388 1450 1564 1542 ingenium
1589 1448 1702 1525 sinon
1721 1477 1786 1549 pov

591 1562 662 1617 tes:
690 1546 743 1617 O!
757 1543 987 1639 prodigiosam
1005 1545 1187 1627 inertiam,
1207 1544 1233 1615 fi
1250 1565 1355 1638 potes
1368 1544 1526 1639 quidem,
1544 1543 1603 1616 sed
1614 1552 1786 1643 negligis:

592 1636 647 1710 ot
673 1640 815 1735 impiam
832 1643 1068 1731 voluntatem,
1092 1639 1179 1713 siut
1198 1658 1332 1735 patrem
1349 1643 1510 1728 crucies,
1531 1642 1617 1712 nihil
1638 1642 1787 1720 scribere

494 1734 496 1739 ’
591 1736 744 1807 animum
761 1736 923 1809 induxisti
938 1756 1046 1809 tuum.
1095 1732 1243 1809 Miseret
1262 1759 1318 1815 me
1340 1736 1481 1809 nimium
1495 1736 1624 1831 optimi
1640 1740 1708 1812 viri
1727 1763 1786 1833 pas

589 1831 652 1903 tris
672 1834 742 1931 tui,
768 1831 846 1906 crim
869 1851 995 1929 reputo
1011 1828 1117 1925 quim
1144 1832 1214 1905 hoc
1229 1833 1287 1905 ille
1305 1828 1400 1926 aegrd·
1416 1830 1516 1905 serat.
1565 1830 1662 1905 Nam
1675 1860 1784 1932 quan·

590 1924 683 2001 dote
700 1924 898 2001 obduruisse
911 1928 1017 2001 video
1035 1928 1078 2000 ad
1094 1949 1232 2001 omnem
1243 1948 1353 1999 meam
1365 1928 1655 2014 admonitionem,
1680 1936 1777 2028 equi·

593 2024 674 2095 dem
696 2046 741 2099 ne
765 2046 903 2097 manum
928 2046 1072 2118 qunque
1093 2021 1273 2095 viceversa
1291 2044 1439 2117 propter
1461 2044 1497 2094 te
1515 2027 1687 2098 verterim.
1736 2027 1797 2101 lit·

591 2122 707 2291 llil
711 2144 732 2190 ⁰
747 2116 1043 2291 illisu?
1052 2116 1784 2313 austindi?{languidi

591 2334 671 2384 eum
694 2312 705 2381 i
739 2336 757 2382 a
782 2312 943 2403 ignavia,
969 2306 1030 2382 uili
1053 2330 1108 2379 me
1121 2312 1252 2405 patris,
1274 2309 1385 2403 patris
1406 2312 1548 2404 inquam
1571 2313 1628 2383 tui
1644 2312 1784 2389 misero·

590 2426 654 2479 ret.
704 2406 820 2500 Quem
836 2428 870 2479 te
890 2428 944 2479 tot
956 2404 1168 2501 sumptibus,
1194 2425 1248 2477 tot
1264 2406 1357 2479 curis
1377 2423 1439 2478 tuo
1456 2406 1593 2478 nomine
1617 2404 1783 2483 affectum

593 2525 664 2577 non
681 2502 789 2596 pudet
817 2498 863 2573 fic
888 2502 1008 2575 ludere
1034 2522 1075 2574 ac
1099 2520 1322 2578 contemnere
1332 2550 1351 2584 ,.
1368 2519 1430 2585 ut,
1455 2498 1550 2596 quast
1574 2519 1613 2573 ta
1635 2526 1798 2599 magnus.

509 2626 513 2634 ·
593 2601 716 2692 aliquis
735 2621 796 2671 rex
811 2594 891 2671 fies:
915 2596 972 2670 ille
995 2617 1080 2671 vero
1093 2598 1163 2670 vile
1178 2596 1410 2689 mancipium,
1435 2595 1576 2692 dignum
1587 2592 1629 2670 sit
1643 2616 1678 2672 te
1693 2622 1782 2694 quo·

591 2696 720 2791 tidiana
739 2696 831 2767 illius
846 2695 880 2763 in
901 2690 1082 2765 scribendo
1100 2690 1143 2761 ad
1165 2710 1200 2763 te
1216 2694 1395 2786 diligentia
1409 2689 1527 2777 abuti,
1551 2712 1655 2787 atque
1670 2692 1796 2790 ipsum,

590 2811 654 2861 tuo
671 2786 804 2861 silentio
820 2785 859 2859 &
876 2806 1078 2880 contemptu
1092 2782 1273 2859 ludificari
1299 2785 1431 2858 Tuum
1447 2790 1538 2860 enim
1556 2784 1782 2869 sorte'menss·

518 2908 522 2917 ⁴
590 2886 678 2969 bus,
701 2882 726 2955 fi
753 2886 818 2957 diis
841 2887 977 2977 placet,
1003 2882 1230 2976 multisprius
1251 2880 1783 2979 epistolisrogatus‚julsus,in·

591 2980 793 3073 terpell'atua
804 3032 814 3065 ,
826 3001 866 3050 ac
877 2978 1094 3073 objurgatur.
1108 3000 1215 3049 unum
1225 2979 1332 3050 mittit
1342 2975 1558 3071 epistolium,
1571 2979 1716 3053 acbelle
1732 2981 1782 3057 sae

592 3083 714 3172 nejam
732 3075 898 3149 febricula
906 3072 1361 3240 'proterritumjamtumora
1382 3075 1550 3147 auruleus
1566 3073 1616 3145 est
1625 3076 1667 3147 itr-
1676 3100 1782 3151 mana
1891 3106 1893 3125 ¹

591 3178 649 3278 (ol
663 3176 829 3269 puerilem
839 3192 903 3242 cau
918 3194 970 3243 am
980 3170 996 3264 )
1006 3192 1101 3243 nunc
1113 3174 1215 3263 plura
1227 3167 1439 3255 sciliceterat
1450 3167 1784 3267 scripmrua,stplut

590 3272 756 3367 temporis
783 3269 828 3341 ad
849 3265 1064 3340 scribendum
1085 3262 1211 3336 fuisset
1259 3262 1314 3336 At
1336 3287 1356 3337 a
1378 3264 1513 3358 quibus-
1532 3264 1649 3359 quaeso
1675 3268 1782 3349 rebus

592 3374 657 3445 tibi
677 3390 746 3439 non
759 3362 912 3459 suppetit
925 3364 1098 3456 tempusb
1119 3360 1224 3432 Tune
1243 3362 1349 3433 audeo
1365 3376 1500 3454 tempus
1522 3359 1672 3450 causari,
1699 3362 1783 3437 ciam

593 3470 652 3541 vel
672 3484 783 3535 totum
803 3462 878 3531 hoc·
900 3477 1038 3553 tempas
1064 3476 1167 3549 atque
1193 3455 1304 3529 ndum
1324 3475 1443 3542 tuum,
1469 3454 1564 3550 qnod
1589 3476 1693 3549 pater
1711 3458 1785 3533 illic
1891 3472 1893 3515 ³

592 3562 657 3637 suo
674 3580 803 3653 magno·
814 3554 951 3650 sumptu
968 3554 1051 3633 alit,
1064 3552 1171 3623 literis
1185 3548 1226 3621 stt
1243 3547 1448 3623 destinatum
1464 3549 1657 3626 &studiial
1683 3554 1784 3648 Quo

578 3662 656 3737 'ties
675 3666 790 3727 'autem
812 3650 874 3721 tibi
892 3646 1065 3721 inculcavi
1090 3645 1293 3739 potiliimam
1313 3645 1504 3719 studiorum
1522 3669 1658 3741 partem
1675 3648 1785 3746 scrip

579 3758 721 3829 ¹tionem
740 3746 805 3821 elle
822 3744 976 3819 deberet
1002 3740 1076 3813 Cur
1094 3763 1167 3813 non
1190 3738 1310 3814 scribis
1335 3742 1456 3815 eadem
1480 3764 1606 3837 opera,
1632 3766 1704 3816 non
1728 3768 1784 3821 ro·

589 3850 704 3947 periri.
720 3845 862 3917 nuntios
896 3841 958 3935 qui
985 3863 1004 3910 e
1028 3837 1174 3909 Patavio
1194 3836 1359 3911 Venetiae
1378 3887 1400 3923 ,
1422 3839 1481 3909 vel
1513 3860 1552 3909 e·
1566 3836 1724 3913 Veneriis
1747 3843 1789 3915 in

591 3944 812 4017 Germaniam
827 3954 928 4013 eant.
968 3934 1043 4007 Cur
1058 3954 1129 4004 non
1145 3926 1265 4005 scribit
1289 3933 1327 4005 in
1344 3933 1431 4005 mari
1448 3955 1520 4005 non
1543 3928 1610 4006 else
1629 3938 1805 4029 aquam?¹

588 4039 677 4115 Hoc
692 4060 787 4111 certe
803 4032 851 4107 est
867 4030 963 4126 quod
981 4029 1088 4114 milri,
1111 4026 1208 4123 quod
1225 4030 1343 4123 patri,
1366 4030 1463 4123 quod
1487 4030 1705 4103 caeteris-tuis
1722 4032 1791 4105 do-

586 4138 644 4208 let.
694 4130 900 4205 Hincenim
922 4122 1296 4219 manifestum-prabet
1324 4122 1602 4213 documentum,
1632 4126 1787 4203 eundem

586 4228 652 4304 else
669 4230 704 4301 in
715 4228 846 4301 caeteris
856 4222 977 4301 studiis
987 4220 1203 4316 ,quemteiu
1215 4220 1326 4293 literis
1338 4217 1529 4295 scribendis
1543 4220 1785 4319 prabet.ssgu

529 4398 532 4405 ,
583 4327 649 4427 qui
669 4326 868 4407 innutanterx
884 4320 963 4429 post
983 4318 1247 4404 abitunrneum
1270 4310 1584 4399 exsulantem
1599 4321 1652 4397 td
1665 4336 1701 4398 te
1722 4320 1808 4496 gf
1830 4330 1843 4379 ²

1648 4471 1653 4482 .
1771 4464 1812 4508 „
