3967 5167
552 541 613 644 84
672 523 1007 630 VIGLllrn
1035 519 1295 618 AYTTA
1321 518 1689 614 ZUICHEMI

553 703 1754 912 tllutdll3¹‘llll2ufllllhldsiffridi&
1769 777 1785 788 ··
1853 875 1859 882 ,

557 908 750 998 eodemque
772 902 900 987 modo,
924 900 1027 974 millu
1044 899 1087 974 dt
1108 919 1274 995 prgauoe
1306 919 1423 973 inaura
1449 900 1563 972 viden
1589 918 1643 973 tot
1660 899 1755 996 judi·

557 1002 696 1074 ciorum
722 997 899 1072 solennia:
934 1017 1051 1073 tamen
1072 1017 1143 1070 nou
1172 989 1391 1090 spemagna
1416 997 1550 1068 ratione
1579 995 1641 1070 ista
1669 997 1755 1073 olim

558 1097 744 1170 constituta
765 1093 919 1168 suerunt.
967 1090 1018 1166 Et
1039 1090 1272 1188 periculosum
1295 1091 1343 1164 esi
1367 1091 1404 1164 in
1426 1089 1755 1186 qualiscunqueseu

557 1187 739 1286 cujussibet
751 1189 878 1286 judicit
891 1210 994 1263 manu
1009 1188 1127 1263 omnia
1138 1208 1295 1358 ponere,
1315 1209 1358 1262 ut
1376 1189 1473 1282 quod
1489 1189 1548 1261 ille
1564 1187 1734 1264 existimet
1743 1239 1755 1280 ‚

553 1287 593 1360 id
604 1290 774 1366 continuo
791 1305 904 1360 ratum
923 1284 1110 1358 habeatur:
1175 1283 1340 1358 olerabile
1356 1282 1455 1368 effer,
1480 1281 1504 1356 st
1518 1283 1656 1379 judices
1672 1283 1758 1359 sem·

556 1404 623 1477 per
642 1381 750 1457 eslent
769 1386 856 1458 tales
872 1383 992 1491 quales
1004 1377 1071 1453 esse
1087 1380 1240 1467 dehent,
1263 1379 1301 1452 id
1318 1379 1367 1454 est
1383 1383 1450 1452 viri
1466 1380 1569 1489 honi:
1593 1377 1651 1462 sed
1668 1403 1756 1494 quo-

555 1475 1755 1666 lhlhhqlzlssl’llffslsslihldflhlldllhllrlll:

556 1669 725 1757 bardum,
746 1670 827 1744 edm
850 1691 922 1744 uon
941 1668 1051 1744 modd
1071 1667 1231 1756 diverfis,
1256 1668 1463 1764 sedeidem,
1489 1667 1663 1742 diversum
1683 1691 1751 1762 pro

551 1767 660 1838 animi
677 1765 729 1840 sui
751 1769 895 1841 libidine
913 1761 1030 1838 forsan
1043 1764 1234 1840 videbitur.
1273 1761 1442 1838 Affeiius
1457 1766 1574 1860 itaque
1590 1765 1750 1860 judicum

553 1861 773 1936 neoeffatium
788 1859 1077 1947 suitresraenare,
1101 1883 1229 1936 utnon
1246 1882 1292 1935 ex
1308 1858 1366 1934 sua
1378 1863 1588 1957 cupiditate,
1615 1859 1673 1934 sed
1691 1859 1749 1954 Ju-

550 1955 1750 2130 ihiffilhffihsissdfflbdslh’suir{⁰l¹³¹lhs⁰³²sfuqi?

550 2152 681 2226 tunore
699 2105 938 2244 inuus’uauu
953 2075 1060 2245 aei'h'
1070 2079 1226 2244 bonique
1250 2077 1676 2224 diffimu0.gct1r'auuum
1701 2170 1751 2224 ta-

555 2271 657 2334 men,
669 2267 709 2320 ut
724 2250 821 2342 quod
835 2247 923 2342 legis
933 2249 1073 2320 nomine
1088 2245 1348 2341 praescribitur,
1361 2245 1512 2319 maximi
1528 2243 1570 2317 srt
1586 2268 1748 2340 aequum,

554 2347 756 2440 aequitatem
774 2361 891 2417 autem
911 2363 954 2418 ex
977 2341 1228 2438 prudentiffimi
1248 2363 1352 2438 atque
1370 2343 1496 2438 optimi
1523 2341 1591 2416 viri
1613 2343 1750 2436 judicio

555 2437 718 2513 constitui
735 2459 901 2534 oportere
921 2435 1060 2512 nonest
1078 2438 1235 2512 dubium.
1286 2442 1405 2534 Atque
1424 2439 1460 2510 in
1482 2443 1551 2512 hoc
1567 2437 1631 2510 tibi
1643 2435 1749 2510 asien-

553 2539 645 2618 tior,
667 2535 784 2609 fontes
801 2532 867 2610 esse
886 2536 973 2629 juris
996 2532 1276 2630 Philosophiam,
1302 2531 1359 2606 sed
1376 2556 1493 2609 tamen
1509 2531 1608 2607 istam
1631 2533 1751 2606 Philo·

555 2628 731 2728 sophium,
755 2633 850 2706 unde
866 2629 927 2723 lus
948 2628 1066 2704 Civile
1084 2627 1311 2704 hauriendum
1328 2627 1404 2718 est,
1428 2653 1472 2700 an
1491 2631 1550 2702 vel
1567 2627 1675 2726 ipsam
1689 2630 1749 2704 ha·
1894 2717 1896 2722 ¹

555 2731 698 2802 beamus
723 2724 861 2820 scriptis
890 2725 1072 2812 traditam,
1099 2749 1169 2798 non
1192 2725 1271 2798 satit
1287 2721 1377 2799 scio.
1427 2723 1521 2800 Nam
1543 2725 1685 2798 Platonis
1711 2725 1748 2798 δι
1894 2723 1896 2754 ³

555 2821 853 2916 Philosophorum
879 2823 1027 2894 aliorum
1046 2824 1197 2898 rationes
1221 2844 1292 2895 non
1316 2819 1395 2895 satis
1414 2843 1494 2896 cum
1512 2819 1575 2894 usu
1597 2820 1750 2894 humano

556 2921 793 3006 conveniunt,
817 2916 1053 3012 videnturque
1071 2939 1090 2990 a
1106 2917 1228 3014 politia
1243 2914 1436 2990 alieniores.
1485 2917 1595 3012 Quod
1612 2915 1644 2991 se
1660 2919 1749 2991 vetd

556 3037 637 3088 cum
660 3015 793 3106 Ulpiano
819 3015 983 3087 volumus
1007 3009 1152 3098 sentire,
1176 3011 1250 3110 ipsa
1273 3011 1552 3108 Jurisprudentia
1578 3036 1675 3087 mera
1701 3013 1750 3087 est
1895 3063 1896 3104 p

555 3107 805 3203 Philosophia,
830 3111 868 3184 δι
890 3132 993 3195 vera,
1020 3130 1099 3181 nam
1123 3125 1203 3206 quae
1232 3113 1268 3194 in
1294 3111 1412 3184 verbis
1437 3107 1614 3196 confistit,
1648 3109 1685 3182 &
1705 3109 1750 3182 ab
1895 3119 1896 3128 ’

556 3206 734 3280 veteribus
764 3203 987 3299 Philosophia
1015 3203 1229 3298 pertradiata
1261 3203 1357 3300 suit„
1387 3207 1493 3279 variis
1524 3203 1751 3302 opinionibus

556 3305 687 3413 pgitata
702 3300 771 3387 est,
794 3301 1006 3395 minimique
1018 3323 1098 3374 cum
1113 3303 1254 3374 Civium
1271 3299 1427 3374 moribus
1442 3301 1619 3378 convenit.
1669 3299 1752 3376 Sola

396 3464 399 3469 .
556 3420 676 3492 utaque
701 3399 850 3492 aequitas
873 3394 943 3470 stne
966 3399 1085 3492 legum
1110 3395 1315 3493 praescripto
1334 3395 1421 3470 stare
1443 3399 1504 3508 diu
1530 3418 1601 3472 non
1623 3394 1750 3491 potest.

557 3491 691 3568 Verhm
713 3514 754 3566 ut
782 3496 921 3566 redeam
947 3495 991 3566 ad
1022 3491 1251 3576 Methudum,
1283 3495 1547 3582 willemum,
1582 3492 1750 3587 quosdam
1857 3528 1860 3536 ·
1894 3549 1896 3562 .

558 3591 660 3662 aliam
681 3590 798 3661 adhuc
813 3607 941 3671 artem,
958 3587 1096 3682 aliaque
1107 3611 1235 3684 genera
1251 3587 1370 3678 (utsrc
1387 3589 1523 3679 dicam)
1547 3588 1638 3682 Juris
1656 3611 1753 3683 quae·

556 3707 653 3770 rere,
678 3705 786 3778 quum
803 3683 874 3756 hoe
895 3684 981 3755 mihi
997 3681 1172 3757 absolvisse
1191 3688 1349 3758 omnibus
1367 3705 1481 3780 prope
1507 3685 1658 3760 numeris
1684 3686 1751 3776 Ju-

555 3779 713 3876 [linimus
737 3779 907 3852 videatur.
955 3777 1082 3852 Voluit
1105 3783 1196 3854 enim
1215 3781 1317 3854 Cicero
1336 3785 1391 3876 jus
1419 3779 1536 3855 Civile
1560 3783 1597 3854 in
1622 3801 1751 3873 genera

555 3879 672 3970 primo
688 3875 819 3959 dividi,
844 3873 926 3946 dein
950 3897 1081 3969 genera
1097 3877 1133 3948 in
1147 3874 1207 3950 sua
1224 3876 1397 3972 dispertiti
1415 3879 1580 3950 membra.
1605 3877 1753 3949 Annon

557 3975 630 4045 hoc
660 3967 792 4044 fadum
825 3967 874 4052 est
899 3969 936 4041 in
960 3969 1083 4044 nostris
1105 3972 1385 4048 voluminibus?
1416 3969 1611 4047 brevissime
1637 3989 1753 4046 autem

559 4071 597 4139 in
628 4064 940 4140 Institutionibus?
979 4069 1077 4164 quod
1106 4071 1282 4165 explicare
1307 4071 1476 4161 exemplis
1499 4069 1596 4166 apud
1620 4089 1655 4142 te
1678 4091 1755 4142 non

559 4162 610 4235 est
626 4159 863 4236 necessatium.
912 4157 997 4238 Hoc
1019 4183 1099 4240 ante
1127 4168 1226 4258 Cruffl
1247 4184 1384 4240 aetatem
1411 4162 1541 4244 samum
1566 4187 1637 4237 non
1663 4161 1752 4252 suit,

560 4280 639 4333 curn
660 4259 811 4353 primum
833 4259 929 4351 leges
951 4261 1252 4343 metabularum,
1276 4263 1385 4334 multa
1401 4265 1622 4336 continerent
1638 4263 1756 4356 cupita

560 4357 684 4436 rodem
700 4355 851 4444 ordine,
872 4376 944 4453 quo
961 4352 1069 4450 „suere
1090 4355 1312 4434 Decentihit
1339 4355 1514 4456 suggesta,
1545 4359 1754 4468 interpetra-

848 4475 850 4479 ·
1642 4473 1756 4528 uoner
1810 4488 1819 4496 -
