3967 5167
342 524 533 623 unse.
564 516 878 619 suenone
905 544 972 615 n>
1001 522 1333 625 Diversus
1393 560 1455 654 3,

249 700 327 783 edm
351 702 394 777 ab
420 702 619 776 dostilstnris
647 718 727 773 ante
751 722 807 773 me
830 700 918 773 viris
941 698 983 773 sit
1007 699 1221 796 praestitum,
1246 710 1361 782 aslum
1382 711 1449 801 (ut

246 802 351 879 nostri
367 801 515 893 dicunt)
541 821 612 871 non
631 820 752 891 agam,
777 798 865 869 illud
892 817 1050 883 tantum,
1081 805 1176 892 quod
1203 803 1277 897 lpse
1309 805 1422 877 sentio
1432 855 1453 891 ,.

269 899 410 993 uodque
434 920 510 971 mea
525 894 648 990 sponte
663 916 759 965 erum
786 890 1002 986 scripturus,
1026 898 1177 969 breviter
1199 901 1447 995 perstringam.

242 920 329 1065 &on
346 992 562 1067 dehortabor
579 1012 614 1067 te
638 991 757 1083 itaque
773 990 918 1061 omnino
933 990 977 1063 ab
991 995 1205 1067 matrimonii
1225 994 1305 1091 spe,
1330 1020 1453 1092 neque·

242 1093 345 1165 ettam
364 1091 596 1165 adhortabor:
622 1084 680 1158 sed
698 1084 898 1181 priusquam
920 1088 1108 1183 quicquum
1125 1090 1163 1161 in
1186 1112 1225 1163 re
1241 1113 1311 1166 tam
1337 1098 1450 1167 ardua⁴

239 1189 398 1281 santique
415 1188 583 1261 momenti
596 1184 666 1259 illic
682 1182 826 1269 statuas,
853 1183 961 1255 etiam.
975 1204 1081 1278 atque
1104 1187 1210 1259 etiam
1231 1190 1339 1261 velim
1365 1214 1443 1285 per·

240 1286 398 1377 pendas,
422 1305 528 1376 quam
554 1282 599 1357 de
618 1282 789 1374 tepsttiae
811 1277 1088 1373 expeusuonem
1106 1285 1339 1365 excitaveris,
1363 1306 1443 1382 quae

241 1402 314 1473 quo
336 1376 385 1451 est
407 1376 594 1462 illustrior,
621 1399 690 1461 eo,
713 1372 736 1447 li
760 1374 845 1470 quid
870 1400 890 1445 a
916 1396 949 1450 te
968 1399 1121 1449 erratum
1138 1376 1264 1466 fuerit,
1289 1383 1442 1475 graviori

240 1494 276 1547 te
292 1473 445 1550 insamiae
459 1472 652 1567 subjiceret.
677 1471 813 1565 Quaeto
831 1494 947 1545 autem
963 1474 1072 1547 modo
1086 1475 1173 1565 quid
1188 1474 1330 1555 sentiet,
1357 1480 1443 1572 quid

90 1610 93 1617 λ
239 1572 422 1666 loquetur,
450 1568 722 1652 srintellexerit,
749 1568 918 1655 Carvium,
944 1571 1006 1665 qui
1038 1592 1148 1663 nuper
1172 1573 1207 1641 ln
1235 1570 1354 1647 Gallis
1370 1595 1447 1645 tam.

197 1682 206 1691 ·“
227 1670 416 1765 presulatus
440 1664 541 1738 famae
564 1664 789 1739 fundamenta
822 1666 962 1759 jecerit,
988 1668 1052 1759 qui
1075 1666 1280 1741 eruditionis
1308 1668 1441 1743 excelsu

239 1766 351 1861 gloria
378 1782 584 1837 caetetorum
612 1762 766 1837 omnium
796 1762 926 1833 lumina
956 1761 1139 1835 videbatur
1172 1763 1446 1851 obsecraturus,

239 1862 298 1933 cui
313 1858 385 1956 ipss
399 1860 471 1954 jam
485 1862 589 1931 tacita
603 1857 718 1937 secum
764 1858 936 1938 timasium
955 1856 1134 1953 dignitatis
1148 1862 1267 1933 locum
1286 1861 1439 1957 designa·

239 1955 325 2045 bat,
351 1958 440 2029 inter
463 1956 574 2052 Alpes
595 1954 711 2031 desedi
741 1977 759 2027 e
777 1956 968 2047 uxorisque
985 1956 1159 2029 irretitum
1176 1958 1340 2044 libidine,
1366 1981 1443 2029 om-

240 2074 321 2125 nem
350 2056 470 2146 pattiae
504 2054 689 2139 otnandae,
715 2047 829 2144 deque
855 2074 897 2123 ca
927 2048 1016 2125 bene
1040 2053 1201 2123 merendi
1221 2056 1441 2127 voluntatem

90 2202 92 2205 -
238 2170 308 2243 pro
334 2150 499 2221 derelitto
521 2148 661 2221 habete.
715 2144 882 2232 Utinam,
899 2147 946 2217 ml
965 2148 1281 2244 &rosemundam
1300 2153 1353 2223 tui
1378 2174 1441 2223 no

103 2320 107 2327 ,
238 2245 343 2319 minis
362 2241 490 2317 samam
507 2248 620 2340 petria
643 2238 873 2320 intellexisset
925 2242 963 2314 Si
980 2245 1074 2317 illam
1098 2244 1248 2330 deseris,
1273 2269 1354 2339 quae
1376 2244 1441 2319 sta·

238 2342 303 2419 tim
323 2364 366 2415 ec
387 2340 430 2415 dc
452 2362 551 2417 tanto
572 2340 664 2415 stetu
691 2340 835 2434 gloriari
860 2341 1028 2431 coeperit,
1051 2340 1137 2411 ilico
1167 2344 1210 2414 ad
1228 2343 1445 2434 palinodiam-

90 2444 96 2471 '
237 2458 443 2520 revocatur,
469 2435 550 2509 clim
571 2436 695 2511 senon
715 2432 801 2523 fibi,
826 2431 885 2507 sed
904 2438 1011 2528 longe
1035 2436 1153 2507 diffitis
1182 2438 1355 2529 Alpibus,
1381 2460 1442 2531 ge·

89 2550 91 2561 '
237 2532 348 2607 nuilse
367 2535 475 2605 talem
495 2552 632 2627 partum
654 2532 848 2622 intelligstl·
868 2527 1064 2621 Quomodo
1087 2530 1174 2605 verd
1198 2534 1320 2605 matris
1345 2532 1442 2606 otbi‘·

125 2695 128 2699 .
237 2647 349 2701 tatem
365 2650 406 2703 ac
424 2628 622 2723 lachrymas
639 2624 709 2701 fine
731 2627 921 2719 lachrymis
948 2648 1055 2720 potes
1081 2628 1200 2699 animo
1225 2631 1409 2701 revolvere
1421 2631 1447 2699 ‘l‘

237 2722 302 2797 Tu
328 2723 502 2797 extribus
527 2723 606 2797 liliis
631 2722 885 2817 primogenitus
914 2720 1009 2817 (2),
1033 2743 1072 2795 tu
1096 2724 1182 2817 spes·
1203 2725 1380 2818 decusque
1401 2727 1441 2799 du

236 2820 398 2897 solatium
414 2820 526 2905 illius,
550 2822 586 2893 in
604 2838 639 2893 te
654 2838 834 2915 paternam
851 2821 1018 2895 virtutem
1034 2816 1164 2893 renasci
1191 2820 1380 2905 videbant
1406 2821 1440 2894 sa

237 2916 304 2993 tibi
322 2917 455 2991 dudum
472 2940 636 3002 uxorem,
661 2912 724 2989 fibi
742 2934 867 2987 nurum
890 2915 1093 3009 quaerebat,
1119 2912 1157 2988 dr
1175 2918 1280 3012 hujus
1296 2941 1364 2991 con
1393 2921 1441 2991 lia

237 3014 336 3091 irrita
356 3012 490 3100 lucere,
516 3012 619 3107 hujus
641 3012 767 3106 gaudia
795 3012 831 3083 is
856 3010 1051 3089 mestitiam
1079 3036 1286 3087 convertere
1308 3036 1381 3088 non
1404 3034 1440 3087 te

237 3109 417 3207 pudebit?
444 3107 598 3202 Siquid
639 3109 709 3181 tibi
739 3108 963 3181 humanitatis
988 3108 1007 3147 *
1032 3105 1256 3203 oontlgilse't,
1292 3113 1329 3182 in
1367 3108 1440 3185 sata
1477 3140 1624 3218 elegen«

237 3202 363 3303 rejesla
391 3204 491 3279 causa
509 3207 620 3279 minus
638 3225 797 3279 tenerum
811 3204 931 3277 mattis
948 3202 1073 3297 pessus
1098 3205 1329 3289 vulnerasset,
1354 3204 1439 3279 stll
1477 3219 1555 3276 rum:
1570 3226 1622 3275 nu·

90 3341 95 3349 ·
239 3324 276 3379 ee
303 3304 339 3377 in
356 3303 598 3377 voluntarium
624 3303 767 3373 exilium
795 3302 1014 3393 conjeceris,
1046 3300 1072 3373 fi
1106 3324 1178 3373 tam
1202 3304 1440 3397 indulgentem
1478 3304 1619 3356 manitus..

238 3421 406 3483 matrem,
431 3419 500 3473 tam
516 3400 567 3471 tui
586 3420 759 3471 amentem
778 3393 987 3483 deserueris,
1013 3399 1285 3491 alienigenisque
1308 3402 1447 3494 nuptiis-

239 3516 276 3569 te
292 3496 546 3589 implicaveris,
571 3495 658 3591 quid
675 3496 768 3569 aliud
788 3491 920 3575 facies,
946 3492 1052 3587 quim
1069 3510 1109 3565 ut
1126 3493 1184 3567 ille
1206 3496 1242 3565 in
1265 3516 1442 3591 perpetuo

240 3590 365 3665 dolore
380 3590 496 3674 vivat,
527 3594 584 3669 vel
614 3614 673 3665 tua
701 3589 801 3669 causa
831 3588 1007 3666 moriatur,
1034 3590 1174 3663 doloris¹
1195 3590 1472 3685 impatientias.
1524 3632 1529 3636 ·

240 3682 431 3775 Quaerisne.
445 3707 565 3779 ergon
587 3710 664 3770 me,
686 3707 741 3765 «ειη
767 3706 913 3763 matrem
941 3684 1078 3760 debeas·
1092 3686 1283 3760 occidere?
1307 3686 1378 3761 boe
1397 3712 1442 3761 an
1631 3684 1637 3693 ’

240 3802 276 3859 re
294 3780 442 3880 negabis
462 3778 602 3865 facere,
627 3784 688 3878 qul
714 3800 786 3857 tam
807 3782 1012 3861 evidentem
1036 3783 1096 3862 illl
1111 3778 1443 3957 καῦοηεωῂῃέἑῗῖ

285 4056 348 4143 (2)
371 4054 433 4123 Ex·
449 4056 545 4123 tribus
574 4054 654 4138 filiis
672 4042 907 4141 primogenitis]
927 4055 1094 4123 Secondb'
1118 4057 1261 4142 genitus·
1273 4058 1452 4137 Antonius„

241 4142 308 4211 luit
332 4140 542 4209 conllllanus
563 4141 606 4236 in·
621 4140 838 4237 parlamento
860 4138 1115 4237 Mechllnienss,
1135 4142 1344 4243 quamvisflin
1371 4140 1453 4210 Cae

242 4229 361 4323 calogo
376 4244 447 4292 non
469 4244 507 4293 re
534 4240 684 4301 ematur,
703 4224 760 4291 sed
776 4233 825 4291 tta
843 4222 960 4291 scribit
988 4220 1061 4321 Vnt.
1081 4224 1185 4321 Andr.
1206 4235 1237 4293 in
1258 4224 1337 4293 nur.
1357 4224 1451 4309 Belg„

244 4308 349 4461 geta
362 4308 577 4467 ngsdlr'sgtrqd.
609 4308 753 4464 Loquensa
763 4328 816 4463 p⁸1²
817 4306 1207 4464 n1¹65E.r='‘fsqmrrrdmge,nitus
1226 4308 1293 4381 fult
1307 4308 1454 4397 joanne
1511 4338 1526 4353 ν

367 4410 382 4459 l
443 4444 460 4465 .-
526 4410 730 4465 lll-Wllss
771 4413 792 4464 e
854 4436 859 4445 ·
1071 4410 1159 4465 eru.
