3967 5167
369 523 561 623 uersu.
591 469 896 673 sunuc‘rn
922 540 990 613 ln
1017 477 1348 671 urvuRso's.
1377 533 1457 643 411

256 716 466 884 Mrpillruur
492 716 749 793 Sententiarum
774 731 930 801 vocant,
952 736 996 787 ac
1023 712 1140 789 multis
1160 710 1242 789 hinc
1267 716 1351 791 inde
1376 741 1457 815 per·

262 830 264 833 ’
414 812 524 888 visum
554 814 650 897 fuit,
675 831 793 905 operae
816 812 968 905 pretium
991 806 1094 892 fore,
1122 811 1159 883 dr
1183 810 1231 883 ad
1259 808 1455 909 Religionis

256 838 454 990 {bidella
471 932 545 984 rum
556 906 853 986 conservationem
870 927 944 979 turn
960 906 1008 1017 de
1021 902 1194 979 eufronem
1212 906 1453 999 neceffarium,

256 1025 299 1080 ur
313 1029 381 1103 pro
410 1007 581 1079 Lombardl
608 1002 702 1079 libro
726 1000 816 1101 (qui
830 1001 1041 1098 Theolograe
1069 1024 1200 1096 corpus
1224 1004 1261 1079 δι
1284 1003 1453 1083 summam

253 1105 434 1187 continere
449 1098 629 1193 censetur)
655 1100 788 1175 aliudo
815 1125 855 1174 us
869 1098 1017 1195 ejusdem
1033 1094 1138 1193 plane
1159 1102 1352 1193 argumenti
1369 1127 1452 1179 con·

251 1198 481 1283 scriberetur,
505 1198 668 1293 idemque
683 1221 798 1295 appro
844 1221 920 1271 tum
937 1199 972 1269 in
987 1196 1101 1269 lucem
1117 1194 1285 1291 prodiret.
1337 1199 1451 1297 Cutina

253 1289 390 1371 conlilii
409 1294 558 1367 rationea
576 1295 640 1369 tibi
653 1294 958 1368 communicandae
971 1294 1117 1389 putavi,
1143 1311 1184 1363 ur
1205 1288 1230 1363 fi
1249 1292 1285 1365 in
1301 1295 1351 1369 eis
1367 1294 1449 1371 fun·

253 1392 456 1467 dementum
478 1390 621 1487 aliquod
647 1386 713 1465 else
731 1389 908 1487 judicarer
933 1388 1070 1465 caeterir
1096 1386 1250 1481 ejusdem
1270 1390 1449 1484 prolellio·

252 1486 308 1561 uis
323 1510 405 1572 ,ac
435 1488 577 1583 collegii
599 1484 843 1655 Symmffstie,
877 1482 1015 1562 easdem
1040 1505 1242 1582 proponere
1261 1507 1449 1587 earumque

251 1581 430 1658 censuram
450 1584 634 1679 exquirere
658 1605 709 1679 po
738 1606 785 1657 ea.

301 1680 459 1753 Primum
481 1680 574 1753 enirn
597 1702 665 1753 cur
692 1680 892 1753 Lambardus
918 1677 1004 1752 huic
1033 1672 1183 1761 saeculo,
1208 1678 1444 1777 repletisque

253 1774 365 1851 doerit
389 1798 461 1849 non
483 1773 591 1851 faciat
612 1772 717 1865 satis,
750 1777 901 1851 illudio
924 1771 1025 1848 causa
1053 1771 1120 1849 elle
1144 1774 1315 1862 videtur,
1347 1779 1447 1875 qudd

253 1874 365 1947 multa
385 1872 445 1945 ille
467 1868 666 1960 interserat,
698 1894 778 1967 quae
808 1868 1004 1947 scholastici
1028 1872 1142 1965 palam
1172 1870 1445 1966 reprehendunt.

250 1964 395 2043 Deinde
413 1968 513 2063 qudd
534 1965 606 2039 suae
629 1964 779 2043 serviens
805 1970 900 2041 aetati
920 1966 1060 2043 omittat
1087 1964 1254 2061 plurima,
1280 1990 1360 2063 qoae
1384 1994 1447 2045 no·
1551 2052 1553 2061 ,

89 2037 90 2040 ¹
211 2116 215 2122 ,
253 2062 330 2139 stris
354 2063 554 2138 horninibus
584 2084 624 2137 ac
650 2064 870 2158 temporibus
891 2060 980 2135 scitu
1005 2085 1076 2137 nou
1099 2062 1210 2137 solum
1232 2064 1351 2151 utilia,
1383 2066 1444 2143 l'ed

252 2161 359 2233 etiam
379 2157 561 2235 neceffaria
574 2160 651 2255 jure
677 2160 870 2235 videanmr.
920 2154 1067 2231 Tradlat
1087 2160 1254 2253 pleraque
1276 2180 1345 2233 tam
1362 2186 1445 2257 pro·

251 2254 347 2343 lure,
373 2254 478 2351 quarn
500 2253 668 2329 subtiliter
687 2251 725 2329 δι
751 2252 910 2348 spinare,
943 2276 981 2329 ut
1006 2252 1086 2327 cum
1104 2256 1150 2327 de
1170 2250 1344 2330 Trinitate
1365 2260 1448 2353 phi-¹

250 2350 480 2449 losoplratur3
504 2350 596 2424 uude
619 2348 731 2425 solent
753 2374 825 2425 noo
841 2350 946 2451 pauci
962 2348 1160 2519 Theolopb
1212 2374 1294 2443 uum
1320 2374 1380 2427 aut
1394 2356 1444 2429 le-

251 2470 341 2544 gunt
369 2469 428 2522 aut
451 2446 650 2619 disputant,
682 2449 834 2543 integras
867 2446 970 2543 hujus
996 2443 1076 2519 libri
1124 2442 1201 2521 istiu
1240 2440 1364 2535 'ouet'‚
1402 2470 1443 2533 ut

251 2565 402 2629 vocant,
426 2564 498 2640 prae

250 2657 323 2713 tem
342 2636 533 2715 Ecclefiarn
549 2640 658 2739 magis
677 2638 826 2729 faciant,
850 2636 1052 2713 substituere
1076 2655 1260 2735 coguntur.

299 2736 434 2810 Adhaec
461 2759 540 2829 quae
556 2738 749 2809 Lombardus
772 2732 914 2815 Parrum
932 2740 1018 2813 citat
1043 2734 1256 2823 testimonia,
1282 2760 1354 2811 non
1375 2762 1441 2837 per

250 2835 371 2909 omnia
395 2856 462 2908 con
491 2853 596 2911 ruunt
618 2855 699 2906 cum
720 2830 802 2929 ipsis
823 2830 1008 2917 lontibus,
1040 2852 1080 2909 ut
1107 2850 1235 2909 norunt
1254 2831 1377 2921 delli,
1403 2840 1441 2917 de

250 2928 265 3003 i
292 2926 327 3002 sa
349 2930 454 3004 docet
465 2857 623 3004 iocorum
644 2931 797 3003 collatio.
821 2928 900 3020 Jarn
917 2954 997 3024 quae
1008 2930 1112 3013 citat,
1137 2927 1335 3027 hujusmodi
1348 2920 1442 3029 saepe

269 3048 348 3111 unt,
373 3047 412 3099 ut
429 3024 552 3100 leltori
574 3025 740 3112 cordato,
765 3028 825 3123 qui
845 3024 1008 3101 solidiora
1031 3026 1172 3120 querit,
1196 3048 1319 3121 patum
1344 3026 1442 3105 latis·

248 3118 397 3211 saciant,
421 3123 528 3217 idque
544 3124 580 3195 io
602 3121 694 3195 libro
710 3145 856 3217 quarto,
906 3122 942 3197 ui
966 3147 1057 3200 uunc
1077 3126 1223 3197 mxime
1237 3122 1362 3217 juvare
1380 3126 1438 3201 dev

248 3218 356 3292 bebat
369 3269 382 3305 ‚
404 3216 608 3331 frequenter
632 3216 692 3289 usu
717 3222 828 3294 veuit.
917 3243 960 3292 oc
984 3218 1147 3323 fruenlum
1176 3218 1365 3311 probatos,
1387 3243 1438 3294 at·

234 3334 317 3407 ·que
348 3313 422 3410 ipsa
442 3334 546 3389 ettam
566 3315 781 3411 antiquitate·
792 3317 1072 3400 commendatos,
1108 3312 1245 3385 autores
1268 3316 1435 3409 requirit.

154 3410 159 3417 '
247 3408 440 3507 praesertim
464 3410 525 3485 ubi
549 3406 592 3483 de
617 3414 721 3483 rebus
744 3403 909 3504 gravibus
938 3409 1018 3484 fidei
1041 3432 1082 3483 ac
1110 3405 1287 3505 religionis
1310 3410 1435 3485 nostrae

249 3502 471 3600 disceptatur.
504 3502 649 3583 Constat
667 3528 781 3581 autem
799 3528 901 3590 aetate
920 3506 1091 3581 Lombardi
1108 3500 1297 3601 plerosque
1313 3506 1434 3581 Theo.

244 3604 368 3699 logos,
385 3604 445 3697 qui
460 3626 555 3677 nunc
571 3624 709 3689 extant,
733 3599 883 3683 Graecos
900 3598 939 3677 dr
956 3600 1101 3679 Latinos
1120 3602 1264 3676 omnino
1277 3600 1412 3687 lauisse
1417 3658 1430 3699 ,

129 3717 132 3721 ’
222 3721 289 3798 ,ιε
306 3700 416 3773 multo
435 3698 516 3792 post
538 3699 747 3773 Lonbardunr
765 3698 914 3793 primum
939 3726 960 3775 e
981 3694 1131 3773 tenebris
1148 3720 1287 3787 erutos,
1313 3700 1431 3775 lucem

244 3792 426 3890 accepilse.
476 3794 613 3887 Quanti
636 3796 725 3869 verd
749 3794 893 3869 referret
916 3819 960 3868 ex
978 3797 1046 3867 illis
1074 3792 1157 3891 ipsis
1186 3794 1342 3871 firmiora
1361 3819 1432 3869 ma·

243 3889 366 3989 gil'qne
395 3910 601 4000 oportuna,
636 3891 738 3985 quim
759 3894 896 4001 quaein
919 3892 1094 4005 Lqmbardo
1116 3894 1150 3962 le
1176 3912 1304 4003 ututur,
1329 3914 1430 3986 argu·

239 3981 1432 4178 ¹⁹⁶⁰‘tlrflltllilllerublan?”reuellere

232 4106 461 4279 ligiquuad
484 4178 666 4276 Theologi
689 4136 1053 4349 aeta'teFIfaeoprbardi’,
1084 4198 1159 4255 tum
1181 4204 1226 4257 ex
1251 4182 1427 4299 synodis,

921 4295 944 4357 2'
1353 4295 1427 4357 tuna

535 2546 625 2631 rire,
649 2564 848 2644 magnoque
868 2544 1008 2626 labore,
1034 2545 1111 2617 alia¹
1125 2564 1207 2636 quae
1224 2544 1269 2617 ad
1293 2542 1442 2647 presen·
1557 2596 1562 2603 -
