3967 5167
212 581 218 596 .
342 556 536 656 Epm.
566 485 879 650 samotra
904 570 975 691 m⁴
998 553 1334 657 ntvuasos.
1388 539 1460 684 '75

261 743 418 829 orbitas,
442 740 467 814 fi
491 739 602 814 filium
619 741 695 814 vis:
721 737 934 834 adoptandi,
957 741 1190 837 arrogandive
1207 761 1363 818 veterem
1377 766 1461 818 con·

260 839 479 914 suetudinem
496 843 555 910 vir
572 833 941 933 jurisprudentiffimus
966 857 1039 908 non
1062 840 1212 932 ignoras.
1261 839 1312 912 At
1327 842 1380 924 is,
1405 842 1458 912 in·
1519 843 1527 854 “
1569 894 1572 906 .

257 941 370 1033 quis,
404 957 477 1006 non
502 931 553 1006 est
576 931 671 1006 filius
696 933 874 1006 naturalis.
925 928 1028 1021 Quid
1048 932 1152 1006 turn?
1177 934 1273 1008 Dum
1297 957 1333 1008 te
1357 957 1458 1031 aeque

258 1053 352 1108 amet
368 1054 410 1105 ac
424 1033 534 1127 patria
546 1033 628 1106 ioco
647 1027 830 1116 observet,
854 1048 1028 1124 tuomque
1041 1029 1252 1126 praeclarum
1269 1054 1395 1104 tomen
1411 1031 1456 1106 ad

258 1127 496 1224 posteritatem
519 1126 633 1211 ferat,
660 1123 696 1196 δι
714 1128 750 1196 in
774 1147 881 1197 omne
907 1147 1023 1198 aevum
1046 1149 1227 1220 proroget.
1262 1121 1322 1200 sic
1344 1127 1459 1220 Scipio·

257 1247 334 1297 rom
361 1229 434 1317 (3)
456 1223 542 1296 olim
554 1219 684 1296 familia
698 1217 902 1306 conservata
917 1219 986 1300 fuit
999 1222 1045 1294 ad
1061 1243 1221 1318 magnam
1238 1223 1457 1319 Reipublicae

257 1323 466 1406 utilitatem,
492 1334 538 1390 ne'
556 1321 641 1391 alios
667 1337 962 1390 commemorem:
1002 1335 1106 1414 atque
1131 1322 1202 1391 hoc
1226 1319 1371 1393 voludre
1391 1313 1458 1406 ess'e

256 1414 419 1491 solatium
434 1412 630 1490 amissorum
644 1415 833 1487 liberorum
850 1433 987 1486 veteres
1002 1409 1225 1510 iegissatorea.
1275 1411 1456 1510 Quamob-

256 1535 359 1599 rem,
390 1513 445 1587 vir
474 1509 682 1598 dariisrme,
715 1507 879 1603 idemque
908 1508 1128 1598 doiiiffime,
1161 1507 1187 1582 fi
1219 1533 1300 1606 quae
1336 1513 1455 1586 adhuc

257 1629 411 1684 mentem
433 1611 478 1681 de
495 1603 558 1678 filii
576 1604 677 1680 causa
689 1603 823 1678 tristitia
841 1603 1046 1689 obnubilat,
1070 1627 1146 1678 eam
1173 1627 1281 1680 rotam
1299 1604 1452 1695 discute,

256 1706 384 1780 motari
399 1727 470 1776 non
491 1700 633 1798 poffunt
650 1698 743 1787 fata,
767 1697 816 1772 stc
831 1698 931 1788 Deua
947 1701 1083 1790 voluit,
1111 1699 1207 1776 Deus
1222 1703 1382 1798 precarid
1397 1703 1456 1778 de·

257 1799 453 1884 dit,'Do1s
473 1799 570 1894 quod
587 1793 684 1870 soum
706 1818 780 1878 erat
794 1797 957 1890 repetiit,
982 1797 1044 1869 dio
1062 1818 1107 1870 eo
1128 1821 1166 1872 ea
1182 1795 1329 1882 fruitur,
1342 1799 1455 1894 gaude

255 1920 323 1994 per
333 1921 413 1971 eum
424 1898 490 1970 tibi
507 1893 681 1971 nurum&
694 1889 1027 1966 affineaconciliatos
1040 1889 1305 1968 &reliuoseire
1335 1917 1456 1970 utnon

96 2105 101 2116 ·
254 1987 1145 2186 ,futuru
1163 1947 1456 2184 tristitia·

893 2161 931 2180 ,.,
963 2139 980 2180 ,·
1440 2139 1455 2176 e

256 2195 330 2258 non
351 2207 427 2259 tara
449 2184 507 2258 sed
525 2184 732 2279 quotidiana
752 2107 955 2275 adgubipeot,
1003 2179 1091 2256 Hoc
1118 2182 1227 2278 igitur
1252 2183 1455 2280 quodcum

246 2283 373 2356 moltis
403 2281 471 2355 tibi
488 2303 678 2359 ‚commune
700 2275 751 2352 est
769 2280 870 2372 aeriuo
888 2277 1006 2354 animo
1027 2275 1139 2366 feras,
1165 2303 1273 2378 quum
1289 2305 1324 2354 te
1350 2283 1455 2354 etiam

254 2377 380 2452 doceat
402 2380 534 2474 plebeia
558 2373 632 2449 istis
658 2373 862 2449 homitibus
883 2373 992 2450 animi
1012 2369 1217 2448 fortitudine
1237 2377 1454 2470 praecellere.

253 2471 344 2548 Hoc
363 2477 440 2546 vult
466 2474 617 2565 Gorgias
636 2470 866 2552 Hemonam,
902 2471 973 2542 hoc
999 2467 1150 2563 Vt'glr'us,
1174 2473 1245 2545 hoc
1271 2471 1330 2544 aiii
1352 2471 1454 2550 multi

251 2573 316 2666 qui
334 2594 370 2644 re
385 2588 500 2642 amant
513 2569 552 2644 dt
567 2569 714 2651 colunt,
738 2565 800 2662 qui
817 2559 926 2636 filium
942 2563 1065 2638 vivum
1076 2586 1253 2652 amarunt,
1278 2587 1455 2662 mortuum

251 2666 325 2740 una
345 2665 518 2738 luxerunt.
567 2661 640 2737 Sed
658 2681 772 2735 tamen
796 2653 902 2732 finem
934 2655 1053 2732 facere
1077 2681 1238 2758 oportet,
1263 2667 1453 2756 namnulio
1546 2710 1556 2728 ,

91 2810 93 2843 i
252 2762 400 2836 omnind
424 2757 543 2848 sensu,
566 2781 634 2832 nec
656 2759 728 2832 ulla
752 2753 897 2831 omnind
917 2756 1112 2854 calamitate
1132 2761 1375 2858 commoveri,
1390 2761 1455 2836 ho·

91 2856 92 2861 ’
252 2859 356 2932 minis
377 2855 428 2930 est
448 2858 510 2930 vel
527 2857 712 2938 immanis,
746 2853 806 2926 vel
829 2851 943 2948 valde
956 2849 1097 2950 stupidi,
1143 2851 1262 2930 Nimia
1286 2879 1373 2930 vero
1390 2857 1453 2934 diu

251 2959 328 3050 pati
352 2950 389 3026 i'e
417 2953 644 3037 excruciari,
677 2950 717 3026 δι
739 2966 855 3022 mente
876 2947 1020 3046 penitus
1046 2942 1081 3022 fr
1153 2954 1183 3038 ',
1209 2949 1310 3028 nimis
1335 2955 1450 3040 mollin

91 3080 93 3139 i
172 3111 197 3143 ,f
253 3043 502 3144 muliebrique
517 3045 567 3122 est
585 3048 698 3122 animi.
752 3042 942 3118 Doluimus
959 3045 1103 3142 inquam
1171 3071 1237 3120 uos
1262 3052 1386 3122 Aurelii
1400 3045 1449 3124 fa-

91 3214 92 3229 ,
251 3167 354 3230 tum,
376 3143 434 3218 sed
449 3143 648 3240 aegritudini
658 3143 789 3216 modus
808 3138 953 3240 finisque
967 3141 1203 3240 imponendus
1226 3141 1285 3218 est.
1328 3141 1449 3237 [Quod

91 3272 93 3325 t
251 3263 293 3317 ut
310 3263 347 3315 tu
370 3237 550 3315 nobiscum
576 3235 662 3312 forti
682 3239 799 3312 animo
823 3235 957 3326 facias,
988 3239 1095 3316 etiam
1119 3258 1224 3334 atque
1239 3241 1363 3326 etiam,
1390 3238 1446 3313 vir

91 3416 92 3437 ζ
251 3338 426 3508 ffi'tiistme
440 3333 479 3408 dt
493 3329 702 3424 doffiffime,
713 3357 842 3410 moneo
857 3331 896 3409 &
913 3355 1013 3430 rogo.
1025 3327 1177 3414 ,Patavii
1192 3331 1312 3434 pridie
1322 3333 1448 3412 Iduum

372 3452 477 3528 1532.
910 3465 915 3472 ·
1274 3463 1278 3471 ·

184 3729 189 3739 ,
289 3635 356 3724 (3)
378 3632 617 3732 SiiSdpimm]
629 3630 749 3732 Scipio
763 3629 981 3711 AEmilianua,
1000 3623 1443 3732 quidmfricanttuminor,

240 3717 478 3890 &macharai
493 3719 633 3804 maiorm
651 3719 723 3788 uuo
738 3717 942 3806 adoptatus,
959 3717 1049 3790 ihus
1061 3733 1135 3856 erat
1145 3717 1187 3790 L.
1198 3715 1325 3798 AEmriu
1335 3713 1442 3786 Paulr.
