3967 5167
557 542 613 607 to
723 499 1041 615 TABULAE
1098 502 1572 608 ERECTIONIS

555 710 702 801 stmtet,
735 708 926 807 patientes,
959 720 1091 781 vacuos
1113 703 1157 779 ab
1184 702 1390 793 affediibus,
1421 708 1626 787 muneribus
1649 712 1755 791 absti-

556 829 699 898 nentes,
724 808 767 881 ab
785 804 935 880 ‘avaritia
958 806 1113 893 alienos,
1139 822 1210 875 non
1227 803 1413 881 iracundos
1425 854 1437 893 ,
1461 811 1673 903 prudentes,
1697 811 1753 887 so·

555 905 671 990 brios,
696 908 906 989 clementes,
930 902 1123 996 benignos,
1149 896 1309 989 severos,
1332 903 1465 1000 probos
1489 928 1532 979 ac
1557 926 1661 983 aetate
1678 929 1754 981 ma·

556 1023 675 1089 turos,
701 1001 800 1081 talis,
825 1001 985 1095 inquam,
1011 998 1256 1091 congregatio,
1270 994 1320 1071 est
1336 998 1479 1095 Corpus
1494 1005 1609 1079 minus
1624 1004 1754 1080 sormi.

557 1119 651 1187 tum,
679 1098 824 1194 ejusque
842 1100 918 1169 idea
935 1096 1041 1169 ruenti
1061 1094 1227 1186 imprimit
1241 1095 1414 1189 originem
1433 1098 1538 1194 plane
1557 1098 1753 1194 diversam,

557 1197 776 1291 imperatque
799 1212 838 1266 ut
860 1194 1052 1286 intelligas,
1077 1192 1164 1263 illud
1185 1212 1266 1263 cum
1291 1212 1417 1287 magna
1440 1192 1608 1289 sapientia
1631 1198 1755 1272 condi·

558 1311 656 1381 tum,
683 1295 720 1367 &
744 1290 788 1363 ad
812 1312 972 1385 magnam
991 1288 1076 1381 reip.
1098 1286 1283 1365 utilitatem
1304 1288 1531 1377 destinatum,
1554 1290 1618 1367 snb
1647 1294 1757 1371 certis

559 1390 667 1462 modo
692 1386 731 1461 ἃ
754 1385 883 1473 sotrna,
909 1386 1013 1460 rebus
1041 1382 1192 1479 publicis
1213 1384 1262 1457 ita
1285 1386 1343 1459 exi
1411 1386 1525 1473 uibus,
1548 1386 1756 1485 asupremo

558 1485 723 1580 Principe
738 1479 910 1568 oresium,
934 1481 1195 1573 institutumque
1213 1478 1291 1553 esse.
1342 1408 1434 1555 iiie
1447 1484 1636 1558 tribunalia
1652 1484 1691 1560 su

559 1584 653 1657 riora
670 1580 808 1665 omnia,
833 1576 1008 1663 Consilia,
1033 1576 1267 1663 Parlamenta,
1290 1576 1490 1679 'Audientiae
1507 1579 1576 1655 &o
1597 1580 1677 1657 suas
1737 1620 1753 1641 .

557 1680 645 1754 bent
671 1677 762 1751 fixas·
775 1677 813 1752 dc
829 1698 940 1751 certas
967 1674 1140 1769 epochas,
1164 1672 1327 1767 aquibus
1344 1696 1465 1749 eorum
1481 1680 1585 1773 origo
1607 1700 1753 1777 compu-

559 1794 670 1851 tatur:
698 1795 785 1869 quae·
806 1772 1018 1885 quandoque
1039 1764 1262 1852 obscuratur,
1285 1770 1371 1883 dum
1397 1794 1564 1848 conamur
1584 1774 1681 1851 illam
1701 1799 1753 1853 re·

516 2062 519 2068 Ι
557 1867 817 2061 ποῇξεηῐιεᾳῗιὲἓ
829 1862 1526 2060 lqlrlritstggtrtsifilirritrgiiitgiahqililiboliindiae
1543 1966 1752 2065 antiquitate

559 2062 761 2139 stabilienda
785 2063 995 2157 produsium
1016 2056 1065 2130 est
1091 2078 1330 2151 argumentum
1359 2058 1544 2153 (litamen
1566 2086 1755 2160 argumen-

561 2180 636 2235 tum
656 2158 744 2270 est)·
757 2178 882 2269 nempe
904 2153 1003 2251 qnod
1030 2172 1146 2248 aequet
1175 2172 1313 2267 aetatem
1336 2154 1539 2247 Comitum,
1569 2158 1678 2275 illud,
1702 2164 1755 2239 in·

559 2276 865 2445 ilit’lllll
880 2252 1755 2455 subtilissimis,insidiiis

560 2452 704 2529 omnino
719 2447 946 2521 tribunalibus
960 2438 1120 2539 justitiae,
1132 2464 1211 2537 qnoe
1228 2440 1442 2538 superiorem
1458 2450 1601 2547 aliquam
1614 2449 1652 2523 in
1668 2448 1751 2525 sub·
1793 2468 1799 2485 ‘

560 2548 653 2624 ditos
671 2543 941 2641 iurisdisiionem
964 2563 983 2612 a
1000 2534 1162 2633 Principe
1185 2540 1382 2614 mandatam
1402 2538 1551 2621 habent:
1576 2544 1674 2639 quod
1691 2570 1752 2622 ne·

559 2668 620 2718 mo
637 2643 775 2717 dixerit.
825 2638 973 2712 Habent
990 2632 1161 2709 Hollandi
1182 2636 1277 2708 domi
1298 2633 1389 2725 suar,
1414 2661 1522 2735 prout
1540 2640 1576 2715 dr
1593 2644 1753 2721 nationes

375 2726 381 2737 ³
473 2804 486 2831 ,
560 2741 658 2829 aliae,
682 2736 866 2811 tribunalia
891 2729 1087 2828 superiora,
1113 2733 1184 2804 imo
1208 2730 1388 2829 suprema,
1418 2758 1497 2831 quae
1518 2738 1754 2814 recentiffimae

559 2838 640 2911 sunt
655 2836 778 2908 aetatis.
829 2830 897 2919 Et,
924 2827 985 2902 nifi
1011 2826 1199 2922 distinguas
1219 2829 1311 2902 inter
1332 2834 1593 2924 preteritorum
1620 2832 1752 2910 seculo-

559 2954 635 3006 rum
655 2928 878 3003 Consuliarios
896 2926 1111 3000 ambulantes
1127 2926 1368 3035 haerentesque
1386 2928 1484 3003 lateri
1504 2928 1700 3025 Principis,
1712 2930 1752 3007 dr

559 3029 750 3104 hodiernos
780 3023 933 3097 sedentes
962 3023 998 3093 in
1020 3019 1272 3105 tribunalibus,
1306 3023 1557 3100 inevitabiliter
1580 3028 1753 3105 delaberis

561 3127 607 3198 ad
630 3121 786 3196 absurda.
835 3120 871 3192 Si
895 3113 1103 3203 confundis,
1128 3114 1290 3191 fimisces
1314 3118 1503 3197 hodiernos
1521 3121 1749 3199 Confiliarios

558 3214 766 3294 Parlamenti
781 3210 995 3296 Paristensts,
1020 3234 1100 3285 curn
1118 3214 1185 3285 illis
1202 3212 1323 3309 priscis
1338 3214 1550 3292 Constllariis
1569 3218 1750 3295 ambulan-

558 3317 673 3403 tibus,
706 3316 766 3410 qui
790 3312 836 3387 de
860 3312 1029 3386 comitatu
1052 3330 1150 3382 erant
1176 3330 1218 3383 ac
1239 3310 1283 3383 de
1311 3306 1440 3383 familia
1465 3310 1603 3410 Regum
1627 3320 1751 3412 primm

559 3436 601 3486 ac
617 3409 785 3489 ,secundm
808 3408 939 3504 stirpis,
964 3404 1244 3480 concludendum
1272 3406 1360 3493 erit,
1385 3404 1639 3485 Parlamentum
1658 3409 1751 3487 Pari·

558 3506 663 3582 fiense
686 3528 822 3602 aequare
843 3524 978 3577 aetatem
1003 3500 1221 3575 Monarchiae
1238 3499 1407 3577 Franeiae.

563 3634 571 3647 ·
609 3604 715 3678 Unde
731 3624 803 3674 non
828 3598 906 3673 satis
926 3620 995 3693 ego
1017 3594 1195 3689 assequor,
1220 3594 1305 3694 quid
1325 3602 1415 3673 lucri
1430 3624 1603 3698 qnaeratnr
1624 3603 1663 3678 in
1682 3607 1749 3681 hac

558 3696 794 3777 controversa
816 3718 862 3770 ex
881 3695 1019 3791 Joounis
1046 3695 1223 3768 Vrsdenarii
1246 3694 1427 3771 Chronico
1459 3696 1556 3798 (no)
1581 3704 1644 3799 qui
1668 3700 1747 3776 scri·

1642 3798 1748 3883 bens,

600 3973 685 4059 (ao)
706 3972 800 4040 Daer
824 3970 989 4037 natoech
1012 3966 1069 4037 die
1087 3966 1249 4037 Coninck
1264 3969 1298 4037 in
1315 3969 1376 4055 syn
1397 3970 1588 4058 Grefscbap
1600 3974 1639 4041 in
1658 3972 1748 4040 Hol-

557 4058 646 4135 lant,
669 4058 751 4125 daer
767 4058 804 4123 hi
824 4055 886 4121 mit
948 4068 1025 4149 oter
1050 4071 1135 4121 eren
1163 4054 1251 4122 ende
1275 4056 1513 4141 weerdicheyt
1531 4056 1748 4143 ontinnghen

556 4153 659 4220 wort.
700 4140 797 4207 Ende
812 4140 849 4205 hi
863 4138 907 4205 de
934 4156 954 4203 e
970 4156 1006 4203 m
1023 4136 1090 4204 den
1106 4136 1206 4223 Hage
1224 4152 1419 4222 tymmeren
1438 4158 1502 4209 een
1517 4141 1750 4209 Coninckliclr

556 4224 701 4311 pallaes,
721 4222 793 4288 datr
804 4225 835 4289 bi
850 4241 918 4291 oon
931 4222 1001 4303 boge
1008 4220 1103 4306 sulen
1116 4220 1166 4287 des
1180 4241 1243 4307 tyrs
1259 4238 1287 4287 re
1302 4224 1379 4289 recbr
1387 4224 1460 4309 sar;
1481 4225 1537 4292 die
1554 4222 1751 4293 stadtluden

556 4306 647 4375 ende
666 4305 722 4373 die
739 4306 942 4388 borchsaten
957 4306 1014 4372 die
1025 4322 1135 4391 gaven
1146 4306 1406 4392 gottwillichlic
1424 4309 1493 4374 den
1507 4308 1647 4378 Coninc
1665 4312 1750 4389 tius,

406 4472 410 4478 ¹
556 4392 646 4461 ende
668 4390 839 4461 brocluen
856 4392 894 4459 in
911 4388 973 4457 des
993 4386 1139 4476 Keysers
1154 4406 1288 4471 camer,
1308 4392 1344 4460 so
1362 4390 1420 4461 dat
1435 4390 1498 4479 syn
1516 4407 1634 4545 camelr
1649 4412 1752 4547 effi

558 4506 567 4524 ·
1199 4498 1211 4519 ·
1584 4496 1611 4546 u
1625 4494 1669 4547 oe
1708 4496 1728 4548 1
