3967 5167
516 385 1651 567 aauVIGLnanAYTTAZUICHEMI

519 672 596 723 rom
613 671 719 744 ergo,
743 649 866 724 deinde
882 638 1050 743 Augustae
1064 645 1104 721 dt
1117 646 1323 721 Wormatiae
1346 646 1384 719 in
1403 648 1564 721 curandis
1576 644 1723 739 imperii

520 749 691 839 negotiis,
723 747 814 819 inter
838 769 902 819 nos
926 746 1074 816 maxima
1102 742 1367 839 conjunctissima
1394 767 1436 815 ue
1461 742 1538 817 fuit.
1588 738 1640 813 Et
1662 764 1724 814 ac-

520 840 693 914 cesserunt
704 839 904 935 praestantes
920 838 971 914 D.
988 838 1036 914 V.
1058 840 1227 929 virtutes,
1240 860 1353 934 quaeu
1410 862 1500 928 ram,
1512 842 1550 911 iu
1566 856 1723 912 veterem

523 938 561 1010 δι
581 932 785 1031 singularem
804 937 953 1011 amicum
975 932 1284 1024 benevolentiam,
1319 934 1485 1030 majorem
1517 936 1554 1007 in
1577 934 1722 1013 modum

522 1050 578 1104 tot
593 1034 691 1105 anule
709 1032 834 1106 merito
854 1034 1079 1105 adauxerunt.
1130 1031 1251 1199 {rare
1267 1034 1483 1105 committere
1510 1052 1581 1104 non
1603 1026 1722 1124 possu-

524 1150 621 1214 mus,
645 1126 731 1223 quin
745 1129 815 1201 hoc
833 1128 937 1201 etiam
960 1125 1088 1223 scripto
1117 1148 1152 1201 te
1185 1148 1300 1214 emur,
1325 1126 1460 1199 ardenti
1487 1124 1722 1201 &constanti

522 1244 589 1297 noe
614 1226 731 1295 animo
746 1246 822 1297 eam
843 1226 977 1311 colere,
1001 1222 1039 1296 dr
1058 1243 1287 1320 perpetuam,
1314 1243 1416 1317 quarn
1433 1222 1523 1294 inter
1546 1244 1610 1293 uos
1638 1242 1722 1295 cou-

524 1318 695 1417 firmatam
722 1319 910 1406 habemus,
937 1319 1213 1394 necessitudinem
1233 1334 1337 1412 atque
1361 1312 1652 1413 conjundiionem.
1677 1318 1724 1389 11-

524 1418 587 1487 lnd
606 1416 696 1489 verri
719 1410 930 1511 permoleste
957 1412 1039 1487 sane
1069 1414 1196 1489 accidit
1223 1413 1345 1499 nobis,
1377 1412 1475 1509 quod
1496 1413 1759 1508 intelligimur*

523 1505 576 1582 D.
602 1508 648 1582 V.
674 1510 752 1605 post
773 1528 846 1597 tot,
871 1532 1011 1604 tamque
1030 1513 1199 1605 praeclara
1215 1506 1395 1583 benefasia
1419 1509 1457 1584 δι
1478 1510 1622 1596 merita,
1643 1532 1726 1603 quae

526 1607 565 1679 iu
581 1608 695 1679 veteri·
707 1604 851 1701 syncera
862 1604 1069 1694 Catholica,
1085 1604 1124 1679 δι
1137 1602 1241 1679 unice
1253 1602 1391 1677 salutari
1408 1604 1577 1698 religione
1591 1605 1727 1690 nostra,

526 1721 602 1774 tum
621 1698 881 1785 conservanda,
906 1721 980 1773 tum
999 1702 1229 1787 vindicanda,
1254 1701 1372 1779 multia
1387 1700 1458 1795 jam
1475 1701 1574 1772 annia
1598 1698 1725 1775 summa

528 1820 609 1871 cum
630 1797 733 1871 laude
751 1797 985 1880 convocavit,
1010 1798 1055 1872 ab
1072 1798 1216 1893 ingratia
1238 1816 1279 1869 ac
1303 1797 1419 1893 impiis
1436 1794 1637 1889 hominibus
1656 1820 1727 1870 ma·

528 1895 600 1966 lam
624 1892 724 1971 isthic
752 1894 898 1989 gratiam
923 1889 1083 1982 referre„
1099 1888 1319 1987 indignisque
1346 1891 1457 1965 modis
1480 1892 1607 1987 excipi.
1657 1891 1724 1967 Ve-

529 1986 609 2062 rum
624 1988 716 2059 haud
735 1986 842 2062 dubie
860 1987 958 2061 videt
981 1986 1031 2059 D.
1055 1986 1102 2061 V.
1134 1992 1187 2067 uti
1211 1981 1485 2081 sapientissimum
1514 2008 1623 2083 atque
1642 2011 1728 2063 con·

529 2082 764 2157 stantiisrmum
779 2104 872 2156 verte
888 2080 990 2168 fidei,
1015 2084 1143 2159 veteris
1171 2106 1216 2156 ue
1231 2084 1371 2175 pietatis
1389 2080 1587 2155 assertorem
1607 2083 1730 2173 decet,

529 2177 633 2252 bonis
656 2179 827 2253 bonorum
845 2180 1027 2252 conatibus
1044 2106 1214 2253 adversari
1229 2176 1362 2271 semper
1377 2182 1498 2253 muudi
1509 2179 1736 2275 principem,

531 2274 571 2348 ἃ
588 2272 742 2348 ecclefiae
758 2274 889 2346 hostem
908 2272 1161 2348 iufenfissrmum
1185 2272 1388 2347 Sathenam:
1414 2276 1476 2369 qui
1492 2292 1566 2347 tum
1579 2298 1646 2370 per
1668 2274 1725 2359 se,

404 2411 408 2418 .
531 2387 687 2465 rumpet
709 2367 872 2443 satellites
896 2368 995 2454 suos,
1021 2366 1210 2443 stantehac
1224 2390 1407 2463 unquam,
1430 2390 1524 2442 nnnc
1543 2374 1600 2443 rel
1616 2374 1725 2446 marri·

532 2486 592 2537 me
610 2462 827 2561 persequitur
846 2486 888 2537 ac
912 2486 1017 2539 vexat
1033 2467 1236 2561 praecipuos
1253 2487 1411 2559 quosque
1426 2464 1506 2540 fidei
1523 2486 1636 2560 propo
1689 2488 1725 2541 a·

533 2580 648 2651 rores,
676 2582 697 2635 a
720 2560 960 2659 quiburnova
974 2563 1170 2663 impietatis
1193 2559 1231 2638 dt
1253 2558 1429 2659 perfidie,
1454 2564 1560 2641 hodie
1578 2584 1619 2659 gr
1679 2586 1729 2673 ,¹²⁹

1661 2678 1728 2753 us,

410 2928 413 2931 ἢ
534 2848 561 2917 ·,,
578 2844 720 2912 ineunte
742 2854 844 2914 aetate
870 2842 1082 2913 Benevolum
1107 2860 1189 2932 erga
1219 2852 1275 2911 me
1299 2840 1450 2912 animum
1474 2860 1551 2929 prae·
1575 2841 1610 2911 se
1629 2838 1728 2917 uniit,

536 2930 754 3023 „praecipue
773 2942 813 2995 ut
827 2930 921 2997 colas
936 2932 1076 2996 hortor:
1100 2929 1148 2996 est
1166 2930 1258 2995 enim
1276 2942 1315 2995 ut
1332 2931 1481 3013 optimus
1503 2924 1728 3073 piissimusque

539 3050 565 3085 „
581 3029 660 3086 vir,
679 3025 728 3084 rta
746 3010 869 3077 nostra
889 3014 1035 3080 nationis
1056 3012 1312 3079 amantissimus:
1345 3014 1442 3096 cujus
1471 3028 1594 3096 parens
1613 3026 1674 3073 mu
1687 3024 1731 3074 ut

537 3132 564 3165 η
581 3094 677 3160 annia
693 3095 729 3159 in
751 3094 892 3159 consilio
907 3094 1197 3163 administratione
1245 3114 1265 3161 e
1285 3094 1396 3161 Frisrae
1408 3094 1489 3160 olim
1502 3094 1631 3158 summa
1647 3093 1732 3157 arni·

538 3215 564 3251 ‚‚
582 3178 664 3243 citit
675 3175 970 3261 familiaritateque
985 3178 1189 3244 con'unstus
1199 3112 1280 3245 (stuic.
1296 3179 1375 3244 Fuit
1392 3170 1507 3244 autem
1522 3175 1599 3246 Otho
1608 3174 1732 3242 Cardi-

538 3296 565 3333 ‚‚
581 3199 1412 3347 nalisAugustanueeTruchsesrorumgenerepro
1460 3260 1731 3342 acuuNepotem

539 3384 566 3418 „
583 3360 627 3409 ex
654 3340 762 3409 sratre
780 3342 900 3409 habuit
921 3342 1112 3411 &huardum
1130 3342 1392 3421 Truchsestum,
1432 3344 1554 3427 mperii
1575 3344 1620 3410 Se
1647 3357 1736 3407 tem·

538 3447 569 3503 ·‚,
584 3427 721 3503 virum,
746 3426 955 3512 Episcopum
977 3423 1251 3495 emoniensem:
1271 3428 1338 3521 'qni
1364 3426 1489 3509 Agreus
1519 3360 1736 3494 Manss'eldiae

543 3546 569 3582 „
586 3526 704 3575 amore
716 3524 855 3592 captus,
876 3509 1010 3596 abjediis
1025 3511 1158 3589 infulis,
1181 3523 1318 3594 nuptias
1336 3510 1542 3577 celebravit:
1565 3524 1669 3595 atque
1688 3506 1734 3575 ob

544 3592 623 3665 „id
646 3592 829 3677 Principaii
841 3612 979 3679 quoque
992 3594 1161 3679 dignitate
1181 3607 1325 3672 exutus,
1345 3594 1425 3658 Erue
1449 3614 1466 3656 o
1487 3592 1622 3659 Bavaro
1637 3594 1674 3657 in
1686 3594 1738 3657 lo·

545 3675 572 3748 ί,
589 3690 670 3743 eum
685 3672 845 3753 suffecto,
865 3678 935 3762 ipse
959 3677 1206 3755 inflateviam,
1241 3679 1334 3775 turpi
1348 3678 1421 3742 inus
1472 3674 1609 3741 samiiiae
1632 3689 1739 3755 nota,

548 3797 573 3831 ‚t
590 3758 671 3825 exul
694 3760 787 3827 abiit.
830 3759 919 3843 Quae
933 3774 993 3825 res
1009 3760 1312 3829 Coloniensrsbellr
1324 3774 1412 3825 anno
1425 3760 1473 3826 M.
1487 3759 1533 3825 D.
1545 3756 1741 3841 LXXXIV.
1790 3796 1797 3801 -

548 3881 575 3915 n
592 3862 662 3924 quo
684 3843 766 3909 haec·
783 3842 875 3927 gesta
893 3841 990 3917 sunt,
1011 3843 1146 3909 occasio
1162 3843 1265 3911 Μεθ’
1287 3842 1329 3909 Α.
1349 3840 1489 3909 &humus
1510 3840 1639 3929 infuse.
1657 3838 1739 3927 eprst.

544 3942 586 4006 p.
610 3930 683 4005 338.
702 3924 792 4008 Quae
815 3925 871 3991 hic
897 3924 1081 3991 adducitur
1104 3925 1199 4009 nglr'i
1224 3926 1271 3991 ad
1289 3940 1452 4008 nepotem
1477 3924 1642 3990 Burdonem
1663 3924 1737 4006 epia

551 4002 655 4083 stola,
676 4026 695 4073 a
716 4009 814 4075 nobis
834 4006 1063 4075 defideratur:
1086 4010 1123 4077 dc
1144 4010 1295 4097 pertinet
1311 4008 1355 4074 ad
1383 4008 1534 4095 Quonam
1551 4009 1659 4075 sorum
1674 4008 1740 4092 epi·
1879 4010 1881 4021 ’

544 4082 720 4234 {¹⁰1⁶}ng
743 4141 751 4187 t
772 4139 782 4159 .
802 4090 845 4155 od
860 4112 912 4191 on.
938 4096 1032 4172 1560.
1049 4090 1139 4177 usque
1158 4090 1308 4187 adfinem
1322 4098 1394 4157 antri
1416 4108 1510 4176 1573.
1530 4092 1587 4189 qui
1605 4093 1640 4156 in
1652 4090 1744 4158 cota

565 4178 643 4253 egro
662 4172 705 4236 Vr
730 4176 820 4239 liano
842 4175 990 4241 Lovanu
1012 4192 1084 4243 nou
1098 4188 1282 4258 reperatur.
1308 4174 1410 4241 Latet
1429 4174 1520 4242 forte
1541 4192 1575 4241 ru
1594 4174 1727 4241 Hoilan

545 4254 693 4407 ggaetapu
733 4259 905 4345 privatum
920 4258 1120 4344 quemdam,
1142 4259 1204 4376 qui
1220 4256 1350 4328 Andreae
1371 4256 1487 4329 Serum
1506 4208 1756 4351 schedaspofis
