3967 5167
521 440 1655 618 356V1GL11arAYTTAzUICHEM1

520 693 688 765 ditionem
711 710 751 761 ac
770 688 997 783 temporalem
1013 686 1138 781 populi
1157 680 1360 783 applausum
1377 682 1516 773 vicill'e,
1539 684 1648 759 valde
1669 686 1728 757 uti

522 784 626 881 spero
661 784 837 857 fallentur.
897 780 1060 874 Plerique
1097 799 1214 855 autem
1236 782 1340 855 uobis
1362 784 1555 867 nuntiant,
1589 804 1731 877 propo·

521 881 618 953 soille
642 880 767 953 Gallos
790 878 927 973 Spiram
957 897 1098 971 quoque
1124 900 1165 949 ac
1187 877 1419 950 Wormatiam
1447 879 1483 949 in
1509 876 1604 949 suam
1622 898 1726 973 pote·

522 976 642 1051 statem
661 976 836 1070 redigere:
851 975 957 1068 ‘quod
973 968 998 1044 fi
1016 970 1100 1060 fiet,
1125 970 1272 1048 sentient
1289 996 1406 1047 earum
1429 975 1610 1050 civitatum
1625 978 1724 1048 iuco-

521 1074 585 1155 lae,
610 1070 779 1165 quarinum
802 1070 893 1147 inter
913 1068 1060 1143 Caesaris
1078 1091 1120 1142 ac
1139 1066 1238 1143 Galli
1258 1068 1450 1163 Imperium
1474 1068 1616 1143 interfit.
1666 1068 1726 1140 Te

401 1217 414 1248 ,¹
453 1222 455 1230 .
523 1186 640 1244 autem
664 1163 767 1240 isthic
786 1166 885 1261 cupit
907 1162 1083 1240 subfistete
1101 1161 1262 1259 Regina,
1287 1164 1462 1261 quamdiu·
1478 1166 1558 1239 tutd
1578 1163 1723 1250 licebit,

525 1262 565 1336 ἃ
593 1260 773 1357 quousque
802 1260 1044 1334 annunciando
1070 1261 1172 1335 nobis
1196 1283 1236 1333 ea
1258 1280 1338 1354 quae
1356 1258 1455 1333 isthic
1478 1279 1631 1357 aguntur
1649 1259 1724 1331 offi-

525 1358 617 1431 cium
641 1355 754 1430 liberd
779 1354 941 1452 praestare
972 1359 1118 1453 poteris.
1173 1354 1383 1524 Scripseram
1408 1356 1472 1429 tibi
1492 1358 1653 1452 proxime
1678 1356 1724 1436 tie

526 1454 643 1527 vicina
665 1456 779 1547 aliqua
798 1453 883 1524 urbe
907 1450 1085 1525 adeunda:
1110 1448 1167 1525 sed
1191 1474 1240 1547 po
1267 1474 1308 1524 ea
1325 1454 1480 1547 cogitavi
1501 1452 1605 1525 satius
1626 1449 1728 1539 fore,

527 1569 568 1621 ut
589 1548 762 1632 Aletzen,
794 1564 854 1621 aut
876 1543 1162 1627 Crutzenachuut
1193 1545 1395 1623 concedar:
1428 1547 1491 1620 ubi
1516 1550 1553 1621 in
1579 1550 1726 1643 propin·

527 1658 604 1738 quo
629 1642 737 1716 habes
755 1642 889 1738 postas,
915 1642 953 1716 δι
977 1641 1075 1716 unde
1088 1640 1200 1715 facile
1217 1663 1324 1738 queas
1342 1640 1602 1718 Confluentiam
1620 1663 1675 1732 te,
1698 1640 1724 1716 fi

434 1758 437 1765 ·
529 1760 621 1857 opus
650 1740 716 1824 est,
751 1739 849 1849 prori
878 1758 947 1811 ere.
1005 1736 1087 1813 Nec
1113 1739 1158 1812 de
1181 1740 1283 1834 equis
1316 1738 1423 1813 deber
1444 1738 1511 1811 elle
1538 1737 1725 1824 sollicitus,
1801 1749 1805 1760 '

526 1856 609 1909 cum
633 1834 807 1907 Postarros
825 1760 875 1906 ati
897 1856 1036 1907 manum
1059 1832 1199 1907 habear.
1248 1830 1361 1921 Quod
1386 1832 1542 1908 fiautem
1561 1834 1668 1931 Spird
1689 1838 1737 1907 in-

528 1932 679 2025 aliquem
706 1953 752 2003 ex
774 1924 951 2025 prodidit
974 1930 1065 2004 lucia
1086 1925 1321 2015 concess‘erir,
1346 1928 1403 2004 fac
1426 1932 1476 2003 ibi
1502 1933 1656 2027 aliquem
1672 1954 1724 2004 re·

526 2024 686 2119 linquar,
711 2029 774 2118 qui
792 2046 908 2097 retum
922 2025 1047 2099 statum
1069 2029 1115 2101 ad
1130 2045 1166 2120 re
1181 2023 1283 2119 polilt
1292 2024 1519 2121 perscribere.
1556 2025 1607 2099 Et
1616 2048 1724 2122 quum

527 2121 688 2197 nonnulli
711 2142 755 2193 ex
780 2116 1010 2195 Affelsoribus
1032 2122 1070 2195 iu
1093 2121 1212 2195 vicina
1234 2122 1315 2195 loca
1336 2119 1434 2195 forte
1457 2120 1616 2199 seceffuri
1640 2122 1725 2203 fint,

527 2239 613 2291 cura
635 2234 676 2289 ut
698 2216 840 2290 illorum
862 2216 989 2291 litteris
1013 2217 1058 2292 de
1081 2218 1124 2291 iir
1146 2238 1227 2313 quae
1248 2214 1314 2313 ipli
1342 2220 1596 2313 cognoverint,
1620 2218 1726 2315 poffia

528 2310 680 2387 subinde
700 2312 832 2387 'certior
853 2311 964 2386 reddi.
1013 2311 1146 2387 salaria
1163 2309 1278 2385 vestra
1299 2336 1426 2389 vereor
1456 2336 1500 2388 ne
1525 2316 1560 2387 in
1586 2314 1724 2408 pericu·

518 2410 603 2483 'lum
632 2428 813 2483 vocentur.
862 2404 937 2483 Etss
966 2428 1082 2482 autem
1104 2406 1224 2483 caeteri
1255 2408 1373 2483 Status
1407 2432 1481 2483 non
1514 2410 1722 2505 praestabunt

527 2502 674 2579 fortaliir
688 2506 783 2597 quod
803 2502 953 2592 debent,
978 2517 1046 2600 ego
1069 2525 1184 2578 tamen
1202 2503 1354 2592 videbo,
1378 2503 1404 2579 li
1428 2507 1613 2603 impetrare
1640 2524 1720 2600 pot-

528 2604 612 2686 e'ro,
649 2619 690 2672 ut
705 2600 742 2671 id
765 2598 863 2696 quod
885 2602 963 2675 hae
979 2600 1167 2675 Provincia
1188 2602 1412 2678 contribuere
1427 2602 1534 2686 solet,
1558 2603 1724 2697 quamdiu

527 2692 677 2789 Reginae
696 2693 784 2791 julla
806 2693 988 2795 sequerir,
1011 2695 1078 2774 tibi
1100 2691 1329 2794 persolvatur.
1379 2696 1480 2776 Vale.
1507 2718 1562 2789 15.
1588 2696 1731 2793 Aprile

426 2892 430 2903 ,
532 2810 638 2881 1551.
765 2854 768 2861 .

348 2988 474 3051 ExTo-
546 3008 549 3021 ¹

347 3085 398 3127 rno
420 3068 476 3131 lv.

352 3222 415 3285 vl'o.

368 3404 471 3478 1551.

747 2970 1255 3069 EPISTOLA
1310 2972 1505 3069 CLII.

349 3144 529 3222 f⁰¹²⁵¹⁹··
639 3165 1609 3283 Jusvovuustorr.

530 3362 632 3456 Nor
668 3362 932 3479 excusandum
967 3368 1063 3455 dicit
1102 3368 1218 3483 opud
1263 3364 1479 3477 lotstrm,
1514 3366 1728 3479 stlerttr'um

573 3475 709 3591 strum.
778 3476 943 3581 Gaudet
980 3479 1095 3568 illum
1132 3480 1296 3594 mutoffe
1320 3480 1472 3595 fidem.
1537 3480 1640 3573 Non
1674 3482 1728 3594 est
1888 3473 1890 3544 ἰ

573 3586 668 3701 fibi
684 3594 807 3676 olium
835 3611 881 3677 ut
907 3592 993 3681 Art·
1025 3590 1165 3681 orclem
1193 3594 1332 3708 legat,
1359 3614 1432 3682 out
1460 3593 1658 3705 Simplicii
1686 3604 1727 3684 r’u

586 3730 679 3792 eum
705 3711 944 3843 categorias,
990 3730 991 3735 ‘
1034 3714 1146 3824 ‘prr
1176 3704 1355 3825 Vrlfiom
1382 3730 1642 3825 nuncupator.

616 3896 687 3973 Ure
710 3896 811 3975 cattsa
844 3896 973 3988 fuerit,
1003 3880 1219 3977 Dodiffime'
1236 3901 1345 3999 Vrlfi,
1375 3923 1417 3979 ut
1441 3904 1485 3984 ad
1510 3927 1580 3981 tam
1604 3904 1726 3980 multat
1888 3846 1890 3893 Ε

640 4016 716 4070 tuas
739 3998 895 4081 litterar,
932 3996 1014 4074 crim
1037 3996 1180 4096 inlignio
1202 4020 1273 4073 tute
1294 4002 1530 4086 eruditionis,
1564 4022 1637 4077 tum
1656 4002 1748 4097 pri·¹

528 4090 626 4165 stine
649 4090 921 4184 benevolentiae,
954 4120 1037 4195 quae
1062 4097 1153 4173 inter
1179 4118 1248 4173 nur
1265 4099 1311 4175 ab
1334 4099 1476 4175 ineunte
1500 4119 1603 4194 aetate
1627 4120 1730 4210 error-

570 4290 635 4380 (r)
655 4292 745 4382 JoJlo
767 4296 887 4383 Vrlfio]
906 4298 1016 4395 vulgo
1039 4297 1203 4387 Wtserrrr
1223 4301 1307 4371 Erat
1330 4196 1731 4391 {lug-ecomitanusdliitr¹1

528 4389 655 4535 rarus,
677 4376 799 4455 dodun
817 4381 980 4457 ueucur
997 4382 1238 4467 Lorrrenur
1277 4388 1315 4461 la
1328 4388 1520 4471 „Lovtulo
1543 4389 1735 4553 prp'frpngp'tnu
1786 4397 1791 4418 ·
