3967 5167
355 527 544 644 nursr.
573 524 880 626 sacrorn
907 549 973 631 m
1001 519 1333 628 utrantos.
1375 557 1454 648 135
1544 483 1550 494 ’

106 740 107 747 ’
250 724 414 820 vestigia,
439 727 526 800 mult
570 751 616 802 ue
647 725 716 798 alia
733 721 878 820 insignia
902 729 1004 814 loca,
1030 721 1161 800 Christi
1186 721 1452 800 conversatione

245 820 454 932 depositone
480 825 557 898 cele
582 841 688 908 tata,
721 823 839 896 adhuc
869 821 1141 932 conspiciuntur.
1190 815 1344 931 Rideam
1372 820 1451 900 haec

241 939 538 1104 dissaisiti?
557 915 965 1110 lllrdlllrfl
984 917 1448 1110 ltffltmlfldillrlts

242 1107 340 1184 orbe.
392 1111 623 1208 Quapropter
656 1113 766 1206 pietas
792 1133 853 1186 tua
886 1113 1081 1184 immortale
1105 1129 1324 1206 promeretur
1350 1113 1445 1186 eulo-

241 1206 362 1306 gium,
388 1231 470 1302 quae
491 1207 620 1280 summo
648 1209 824 1303 religionis
845 1205 973 1282 affeuu
997 1203 1148 1280 sanilam
1177 1206 1268 1280 hanc
1292 1212 1445 1304 peregri-

241 1303 421 1376 nationem
441 1303 585 1400 suscepit
605 1301 834 1400 perfecitque.
885 1303 983 1376 Olim
1011 1305 1097 1378 verd
1116 1322 1220 1376 nemo
1238 1297 1273 1372 se
1292 1303 1445 1380 nobilem
1507 1353 1512 1360 ·

137 1488 143 1496 p
239 1397 410 1472 credebat
429 1397 491 1472 nist
506 1399 732 1474 Dominicum
747 1399 874 1474 visisset
890 1401 1133 1494 sepulchrum,
1160 1399 1197 1471 δι
1217 1395 1363 1490 majores
1383 1425 1445 1476 no·
1592 1419 1605 1444 ·

240 1493 322 1580 stri,
347 1493 563 1591 Maximique
582 1494 789 1582 Pontifices,
814 1497 889 1591 qud
904 1496 1083 1572 hominum
1097 1493 1209 1568 studia
1227 1495 1444 1578 excitarent,
1597 1527 1599 1532 ’
1741 1547 1748 1566 .

237 1593 393 1684 praemiis
411 1593 516 1666 etiam
536 1592 740 1667 alliciendos
757 1591 822 1667 effe
838 1589 1055 1666 censuerunt.
1103 1589 1233 1662 Nullus
1252 1591 1343 1664 enirn
1368 1593 1442 1666 illic

236 1706 355 1782 prope
386 1689 516 1773 iocus,
549 1689 612 1782 qui
634 1709 706 1761 non
727 1685 1016 1782 indulgentias&
1041 1685 1212 1760 beneficia
1227 1683 1439 1762 Pontificum

237 1803 395 1856 veterum
419 1782 587 1860 ostendat.
639 1783 872 1858 Constituitur
897 1803 1067 1880 praeterea
1094 1785 1169 1856 illic
1197 1780 1236 1854 S.
1254 1781 1442 1878 Sepulchri

137 1896 140 1902 ·
238 1875 430 1965 AEtiituus,
456 1880 699 1955 Guardianum
721 1883 833 1978 vulgo
853 1903 1007 1968 vocant,
1034 1879 1238 1971 Francismne
1264 1877 1440 1956 Sodalitio

236 1973 466 2068 praescitum,
488 1980 546 2050 cui
565 1974 771 2050 aPontifice
786 1972 946 2071 delegata
962 1974 1115 2070 potestas
1135 1975 1205 2062 est,
1229 1996 1269 2050 ut
1286 1979 1443 2072 peregri·

238 2071 319 2154 rus,
339 2095 470 2168 genere
492 2071 716 2168 moribusque
745 2072 1047 2170 praecellentibus,
1071 2071 1214 2146 solemni
1243 2074 1312 2143 ritu
1336 2097 1439 2168 eque·

237 2164 314 2238 stris
339 2171 471 2244 ordinis
492 2167 795 2265 infign‘tatribuat.
844 2168 928 2242 Hoc
949 2170 1058 2264 igitur
1082 2188 1152 2240 tarn
1171 2170 1324 2262 amplum
1346 2193 1438 2266 prae·

235 2262 343 2337 mium
392 2268 430 2342 &
465 2287 503 2345 tu
536 2269 637 2342 nobit
673 2266 718 2340 ab
749 2264 1007 2360 Hierosolymis
1036 2261 1212 2344 retulisti,
1235 2263 1378 2336 solemni
1402 2265 1439 2338 ὅ(

234 2362 379 2460 antiquo
396 2365 467 2436 ritu
487 2366 620 2442 cunsiis
638 2364 796 2439 militaris
815 2363 949 2436 ordinis
966 2360 1183 2434 caeremoniis
1202 2361 1360 2453 legitime
1376 2361 1440 2432 ini-
1588 2418 1590 2424 ι

234 2455 350 2532 tiatus
401 2457 636 2536 Nobilitaeem
681 2461 794 2546 enim,
818 2477 1004 2552 parentum
1027 2457 1066 2530 δι
1088 2457 1254 2550 ntaJorum
1284 2455 1348 2528 tibi
1370 2459 1440 2530 vit·

234 2567 330 2627 tutes
361 2554 399 2630 δι
427 2552 606 2630 stemmata
628 2553 824 2640 dederunt,
849 2552 968 2645 estque
986 2574 1046 2624 tua
1093 2573 1153 2624 ens
1182 2573 1252 2622 non
1275 2552 1381 2626 modo
1400 2555 1437 2628 in

236 2645 369 2734 Stiria,
394 2674 516 2725 verum
535 2651 575 2726 δι
598 2653 636 2730 in
661 2648 824 2734 nostre,
854 2647 1025 2734 Bavaria,
1087 2644 1222 2720 irolenst
1248 2650 1437 2736 comitatu,

232 2741 271 2818 id
298 2745 372 2834 est,
398 2746 584 2823 clariliimis
604 2745 806 2824 Germamoe
837 2743 1055 2832 Provinciis,
1080 2743 1269 2839 ptaecipuae
1294 2745 1437 2820 celebri·

234 2840 328 2916 tatis.
377 2841 463 2918 Hoc
493 2845 582 2919 veru
607 2862 679 2918 tute
705 2844 847 2920 virtutis
872 2843 1057 2936 proprium
1080 2839 1159 2924 est,
1183 2842 1277 2934 quod
1306 2841 1340 2912 in
1366 2843 1433 2916 hac

234 2955 336 3013 utare
351 2958 488 3017 tantum
505 2941 614 3016 decus
630 2937 817 3014 Natalibus
845 2937 914 3012 tuis
942 2937 1138 3033 adjeceris,
1158 2936 1195 3011 dt
1214 2939 1351 3032 generis
1370 2963 1434 3012 no·

234 3030 436 3124 bimarem,
458 3037 610 3130 equestri
631 3037 801 3130 dignitate
824 3037 1013 3110 ornaveris.
1065 3032 1290 3126 Ingenuitatis
1318 3056 1431 3108 autem

233 3131 488 3226 nobilitatisque
507 3155 632 3226 magna
646 3131 779 3228 semper
796 3133 891 3228 apud
910 3153 1032 3204 ornnes
1055 3151 1175 3224 gentes
1222 3133 1432 3230 raerogativa

229 3217 321 3298 fuit:
344 3247 496 3304 attamen
514 3229 806 3323 qumadmouum
821 3249 957 3322 gemma
980 3249 1066 3304 auro
1086 3226 1177 3296 inclu
1194 3249 1214 3296 a
1236 3249 1306 3296 non
1322 3227 1431 3300 modo
1549 3275 1556 3298 .

227 3320 302 3414 ipsa
318 3320 610 3418 resplenderet,
636 3323 758 3400 veritur
783 3328 887 3398 etiam
908 3345 1029 3396 aurum
1049 3323 1275 3392 condecorat:
1300 3319 1346 3394 stc
1369 3345 1432 3396 no·

229 3415 369 3502 bilitas,
391 3419 558 3514 equestris
575 3422 708 3495 militiae
732 3419 866 3495 honore
893 3416 1014 3500 auita,
1030 3421 1140 3488 multo
1160 3416 1199 3486 fit
1227 3417 1356 3490 clarior
1380 3440 1431 3492 at·
1543 3437 1550 3452 “

228 3535 301 3606 que
324 3514 496 3590 illustrior.
546 3514 627 3591 Nec
638 3521 715 3592 htec
731 3518 880 3611 dignitas
895 3513 1058 3588 omnibus
1071 3533 1168 3610 patet
1183 3535 1326 3608 peregre
1342 3509 1432 3588 Hie·

227 3606 441 3704 rosolymatu
462 3611 787 3705 proficiscentibus,
811 3609 870 3686 sed
896 3610 1033 3704 generis
1056 3611 1105 3683 est
1129 3613 1306 3704 peculiare
1328 3633 1430 3685 orna·

106 3756 107 3759 π
225 3727 397 3782 mentum.
446 3705 553 3780 Unde
575 3731 640 3782 nec
664 3708 816 3784 conferri
835 3709 977 3804 quidem
1000 3703 1088 3782 solet
1109 3705 1171 3780 nist
1190 3710 1256 3794 iis,
1281 3709 1342 3800 qui
1365 3729 1429 3780 no·

214 3801 400 3883 ,bilitatetn
418 3799 647 3896 jurejurando
667 3803 927 3899 proscissum,
947 3805 1009 3898 qui
1024 3804 1111 3882 vetti
1137 3803 1237 3878 salsas
1262 3805 1428 3897 majorum

164 3957 166 3959 .
224 3899 394 3994 imagines
415 3899 654 3984 mentiuntur,
677 3923 911 3995 preterquam
932 3901 1029 3994 quod
1050 3897 1084 3974 se
1111 3897 1186 3972 falli
1215 3899 1427 3995 perjuriique

226 4015 305 4070 teos
328 3996 564 4081 constituunt,
587 3997 722 4073 inanem
751 3998 892 4071 titulum
925 4019 991 4090 per
1016 3997 1214 4092 hujusmodi
1245 3995 1427 4091 obreptio·

106 4164 107 4171 t
226 4114 305 4167 nem
324 4091 518 4190 susceptum
544 4093 669 4168 frustra
691 4091 950 4170 circumferunt.
997 4089 1080 4170 Nec
1097 4094 1188 4168 enim
1206 4093 1352 4186 Equites
1371 4094 1425 4170 di·

226 4189 329 4263 cendi
343 4189 445 4275 sunt,
471 4190 601 4286 quibus
625 4213 817 4286 meropes,
840 4213 907 4265 nec
917 4211 1028 4286 genus
1047 4188 1091 4266 ad
1106 4181 1425 4266 sustinendum‘tam

222 4287 374 4381 preclari
399 4290 549 4366 nominis
579 4291 773 4374 honorem,
805 4285 1047 4383 suffragantur.
1082 4283 1132 4360 Et
1158 4288 1297 4364 memini
1325 4283 1426 4380 quos·

106 4373 109 4395 '
224 4379 308 4461 dam
329 4379 516 4482 Eqru‘mta
533 4383 720 4469 Veteribus
746 4385 910 4510 pedatiqs
930 4379 1030 4468 saise
1063 4387 1280 4486 appellatos,
1305 4381 1429 4553 (Ἢ
