3967 5167
532 489 618 584 224
644 420 876 567 visun
903 478 970 551 m
999 449 1258 552 Arrun
1285 448 1669 578 zu1euum1

360 706 518 847 gp*
616 685 1125 787 uptsuouu
1193 648 1726 789 Lxxxvuf

362 865 501 1003 illis·
760 894 1124 992 mauutm
1200 894 1510 989 nunna.

384 1134 489 1226 153⁶·
541 1109 792 1219 Graiarum·
818 1131 855 1213 ei
874 1124 1047 1211 reditum
1061 1118 1113 1211 ab
1132 1122 1382 1238 expeditione
1414 1118 1586 1211 Gallica.
1643 1118 1738 1213 Sta·

595 1264 680 1331 tum
718 1240 895 1330 Camere
922 1235 1031 1351 Imp.
1059 1237 1331 1341 commendat,
1360 1230 1419 1326 ἔθ’
1429 1234 1633 1440 figagcar
1659 1234 1740 1325 obi-

596 1376 683 1443 tam
709 1350 877 1467 Collega
897 1358 1026 1452 anius,
1084 1348 1157 1437 De
1175 1348 1342 1457 Erasini
1362 1369 1491 1435 morte
1590 1347 1739 1439 altena

595 1467 813 1556 uoluntate.
870 1462 944 1551 De
951 1459 1156 1577 Aagastiis
1175 1460 1414 1577 Afflffueum
1428 1461 1606 1553 Camere
1625 1461 1739 1579 Imp.

601 1581 664 1669 Ut
681 1586 721 1665 ia
737 1576 924 1689 insariam
944 1574 1169 1661 Germania
1185 1574 1563 1691 obtineatfmamris
1581 1574 1738 1683 locum,

598 1687 789 1781 Matthia
802 1688 857 1803 se
874 1690 1131 1777 commendat.

546 1920 620 2088 SI
645 1938 683 1994 tu
711 1918 904 2031 Magnifice
922 1915 1200 2032 procancellarie
1218 1916 1263 1989 ab
1282 1915 1505 2012 expeditione
1524 1915 1666 1991 Gallica
1680 1915 1744 1992 sal·

627 2042 694 2093 vus
711 2038 752 2089 ac
777 2020 959 2089 incolumis
984 2014 1142 2100 redusit,
1165 2010 1216 2086 est
1234 2017 1331 2109 quod
1346 2016 1573 2087 vehementer
1591 2017 1744 2110 gaudea-

545 2136 633 2186 mus.
684 2111 823 2185 Nostrae
838 2136 893 2185 res
912 2112 981 2205 (de
1006 2112 1132 2207 quibus
1155 2110 1202 2184 ob
1220 2110 1491 2205 occupationes,
1518 2132 1605 2204 quas
1624 2130 1662 2182 te
1676 2110 1743 2184 isto

545 2210 640 2283 bello
665 2212 828 2282 maximas
848 2208 1010 2281 sustinere
1038 2205 1108 2280 scio
1120 2256 1132 2293 ,
1156 2204 1303 2301 privatis
1328 2206 1413 2279 meis
1436 2206 1544 2279 literis
1570 2204 1619 2277 D.
1645 2226 1745 2279 tuam

548 2307 712 2381 distinere
740 2302 850 2399 nolo)
885 2303 1180 2398 quemadmodum
1207 2322 1251 2373 οι
1270 2300 1431 2373 omnibus
1459 2301 1598 2395 collegii
1630 2300 1745 2376 nostri

489 2414 495 2421 ’
547 2404 658 2476 literis
683 2400 881 2497 percipies,
914 2400 951 2471 in
980 2422 1024 2473 eo
1050 2398 1130 2471 sunt
1153 2394 1271 2482 statu,
1304 2414 1345 2468 ut
1367 2393 1429 2469 nifi
1456 2418 1519 2471 tuo
1542 2398 1746 2491 patrocinio

548 2496 805 2584 sustineantur,
838 2496 975 2592 longius
1002 2494 1087 2568 stare
1114 2494 1176 2568 vix
1205 2514 1343 2586 queant.
1394 2489 1475 2565 Nos
1508 2515 1552 2569 ex
1583 2490 1749 2590 Collegio

549 2595 674 2667 nostris
699 2594 814 2667 rursus
839 2614 951 2685 nuper
975 2614 1087 2663 unum·
1107 2590 1293 2663 extulimus
1321 2583 1436 2661 uirum
1459 2588 1549 2663 bene
1571 2586 1751 2662 eruditum

552 2689 802 2783 christophorum
831 2684 1114 2776 Backmbasalrium
1141 2681 1375 2758 Lubeceosem
1404 2686 1560 2779 quierat
1579 2684 1749 2759 Doctores

552 2784 712 2878 siancisci
747 2778 1025 2879 Ingolstadiensrs
1050 2777 1248 2877 professoria
1276 2800 1393 2873 gener.
1443 2780 1570 2870 Erasini
1593 2781 1749 2856 Rotero·

553 2880 646 2952 dami
662 2900 807 2952 mortem
824 2876 886 2951 etsi
912 2894 1013 2950 antea
1030 2878 1094 2949 tibi
1108 2878 1281 2971 cognitam
1305 2874 1372 2949 else
1397 2875 1486 2947 nihil
1508 2876 1686 2961 dubitem,
1710 2899 1747 2953 tc

554 2994 670 3049 tamen
693 2974 904 3070 percelebris
934 2970 1103 3045 dobirinae
1135 2975 1281 3055 virum,
1314 2971 1568 3065 domorumque
1592 2977 1750 3047 omnium
1891 2992 1893 3031 ⁵

555 3094 765 3167 patronum,
799 3068 893 3144 haud
918 3069 1104 3144 illubenter
1126 3066 1296 3142 lesiurum
1322 3066 1492 3153 arbitror,
1526 3064 1551 3138 fi
1587 3072 1632 3145 de
1654 3072 1752 3144 illius

556 3188 711 3241 extremo
729 3169 812 3240 vitae
845 3162 924 3237 asin
947 3165 1081 3259 aliquid
1111 3166 1156 3236 ad
1182 3162 1422 3258 rescripsero.
1471 3164 1639 3241 Proximo
1663 3190 1752 3241 vere

556 3268 661 3360 longa
675 3262 881 3357 aegritudine
898 3283 1012 3356 prope
1028 3256 1237 3343 exhaustus,
1262 3258 1324 3332 vix
1340 3258 1482 3332 tandem
1502 3266 1752 3353 convaluerat,

556 3386 597 3435 ac
621 3364 656 3433 in
681 3360 842 3452 Originum
867 3354 1125 3430 Commentario
1146 3353 1369 3436 moliebatur,
1390 3357 1527 3451 jamque
1550 3360 1624 3454 ejus
1638 3360 1751 3433 vitam

460 3530 463 3535 ,
560 3452 805 3548 descripserat,
839 3452 876 3526 δι
904 3448 1072 3546 pkraque
1099 3453 1142 3523 ad
1170 3452 1318 3523 cundem
1343 3450 1524 3527 authorem
1550 3474 1754 3543 annotarat,

552 3552 640 3627 cum
663 3551 724 3623 sub
750 3549 922 3625 Calendas
947 3544 1055 3639 Julias
1069 3547 1106 3618 in
1129 3549 1287 3619 morbum
1313 3546 1456 3636 recidit,
1484 3550 1544 3642 qui
1560 3575 1643 3624 eum
1661 3551 1754 3624 Bast-

557 3652 625 3723 leae
658 3648 753 3743 apud
785 3645 1008 3739 Hieronymum
1035 3642 1214 3714 Frubmiam
1237 3645 1503 3717 decumbentem
1526 3646 1578 3718 XI
1602 3647 1753 3743 ejusdem

558 3742 680 3819 mensis
699 3744 756 3817 die
778 3740 935 3814 extinxit.
987 3736 1136 3812 Senatus
1171 3741 1204 3810 ei
1228 3736 1416 3811 Bafilienfis
1443 3741 1753 3833 honorificentius,

556 3866 658 3937 quam
684 3844 756 3935 ejus
776 3834 875 3911 seete
891 3858 1004 3909 novus
1020 3858 1096 3906 mos
1112 3835 1181 3920 est,
1205 3836 1241 3908 in
1254 3836 1422 4001 primaria
1436 3838 1510 3913 aede
1528 3836 1753 3937 sepulchrum

555 3938 741 4031 assignavit.
793 3934 911 4005 Multa
939 3931 1137 4004 testamenta
1161 3928 1314 4027 scripit,
1347 3930 1406 4005 sed
1439 3936 1599 4011 ultimum
1622 3942 1752 4010 eodem

556 4056 665 4113 auno,
691 4030 882 4127 impetratis
899 4052 943 4103 ne
967 4026 1147 4124 quisquam
1164 4048 1289 4100 contra
1317 4029 1452 4101 tabulas
1476 4055 1580 4126 ogere
1612 4032 1750 4127 posset,

553 4126 756 4212 pontificis,
781 4124 944 4209 Caesaris,
970 4148 1011 4197 ac
1028 4121 1225 4197 Bafileeuiis
1240 4123 1390 4218 Reipub.
1402 4125 1612 4220 diplomatis.
1662 4129 1751 4203 Hae·

554 4222 671 4296 redem
687 4223 831 4296 instituit
842 4219 1031 4294 notiorem
1042 4217 1237 4312 Bonifatium
1248 4220 1488 4293 Amerbarirmm
1504 4223 1639 4319 adjesm
1655 4226 1750 4300 fidei·

411 4345 414 4354 ·
554 4317 752 4406 commisso,
788 4338 826 4392 ut
852 4338 984 4392 retenta
1009 4333 1108 4411 parte
1134 4340 1179 4390 ex
1202 4313 1493 4394 senatusconsulto
1520 4322 1749 4395 Trebelliano

1613 4418 1748 4503 debita,
