3967 5167
540 503 621 605 138
650 483 986 593 vrorum
1015 419 1275 576 aurun
1311 473 1684 572 zurcuuur
1767 509 1771 513 ·

358 760 482 824 aa.
741 673 1542 857 uorsrounxurv.
1881 707 1887 863 y

358 839 549 1057 qna
627 855 1669 1014 uanauo'aouoao.unuo.-
1882 920 1886 1051 y

387 1177 493 1251 ¹533·
544 1135 699 1275 Alogas
727 1091 944 1234 ‘creatores
958 1145 1057 1261 soor
1085 1144 1197 1230 lodii.
1258 1143 1406 1230 Studiis
1430 1142 1520 1256 sais
1554 1139 1736 1255 firrtonae
1881 1118 1887 1223 ἶ

584 1260 683 1376 soa·
701 1258 901 1374 consulere
934 1267 1055 1376 capit.
1113 1258 1186 1345 De
1223 1255 1544 1372 Archiepiy'copoj
1566 1259 1737 1350 conton-
1880 1254 1887 1290 '‘

581 1371 716 1479 'riaost
740 1370 840 1487 qnia
884 1369 1239 1570 Erasmffleret‘
1307 1369 1388 1458 Da
1406 1367 1621 1458 Zacharia
1651 1371 1737 1460 De·
1883 1468 1887 1493 ¹

590 1491 743 1596 jotaro,
776 1483 985 1574 Hoxoirio
997 1543 1011 1587 ,
1089 1511 1211 1596 ayone
1242 1479 1461 1596 Camingm
1490 1479 1739 1594 Hieronymo

596 1597 843 1701 Aleandro,
871 1595 1116 1706 Hieronymo
1152 1591 1293 1697 Vidn,
1320 1593 1492 1680 Romulo
1521 1596 1738 1702 Amazeo,
1883 1669 1888 1721 q

597 1707 890 1798 Bartholomao
911 1707 1054 1796 Rictio
1074 1707 1131 1799 ἔθ’
1159 1707 1354 1798 Cooooioo
1380 1704 1566 1794 Zancloo.
1883 1725 1888 1757 ·‘

609 1903 779 1978 Iterarom
795 1925 933 1978 tuarum
945 1902 1169 1989 fasciculum,
1186 1899 1385 1974 Doiiiisrme
1400 1901 1447 1974 D.
1459 1899 1592 1992 Erasmr
1603 1955 1612 1988 ,
1622 1903 1738 1976 reddi·
1841 1961 1843 1965 .

634 2021 711 2072 tum
739 2001 825 2072 mihi
850 1997 944 2084 else,
978 2022 1021 2072 ex
1043 1995 1228 2072 noviffimir
1251 1996 1360 2071 literis
1383 1997 1469 2070 meis
1494 1999 1648 2069 constare
1670 2002 1736 2074 tibi
1884 2018 1888 2082 l

540 2097 668 2190 potuit.
717 2095 838 2190 augus
856 2091 1074 2168 nondum-ad
1093 2119 1157 2168 nos
1174 2092 1298 2177 rediit,
1323 2082 1524 2186 expeiiatus
1538 2097 1601 2166 din
1615 2117 1635 2164 a
1651 2099 1738 2168 mul-
1887 2113 1888 2160 4

539 2194 606 2274 tia,
632 2214 703 2263 non
724 2209 861 2264 tantum
879 2191 1109 2278 nostratibus,
1133 2187 1192 2261 sed
1217 2211 1236 2258 a
1258 2189 1394 2271 Bomio,
1424 2189 1602 2276 Bonamico,
1631 2209 1739 2285 atque
1885 2276 1888 2285 „

541 2287 618 2360 aliis
633 2287 772 2373 doetis,
797 2308 945 2382 quorum
961 2286 1023 2358 hic
1040 2284 1269 2359 familiaritate
1280 2282 1360 2354 usus
1380 2283 1452 2368 est,
1479 2283 1515 2356 δι
1533 2285 1735 2380 inquorum
1885 2358 1889 2384 ,Ν

540 2381 735 2455 rationibus
761 2405 889 2457 nomen
926 2380 1023 2454 suum
1053 2405 1120 2477 pro
1145 2377 1370 2475 mnemosyne
1399 2381 1550 2474 reliquit.
1606 2381 1738 2455 Scribit
1888 2395 1890 2474 ζ

540 2481 655 2552 iameu
680 2478 869 2570 aliquando
894 2476 940 2550 de
964 2477 1198 2560 sacerdotiis,
1230 2474 1555 2569 conditionibusque
1577 2479 1736 2573 amplifi-
1888 2495 1890 2538 ι

540 2575 634 2655 mia,
669 2593 776 2665 atque
806 2571 973 2667 ejusmodi
996 2571 1098 2644 fumis
1133 2573 1267 2643 interea
1291 2568 1396 2640 laiiat
1426 2573 1626 2644 creditores.
1678 2573 1740 2646 De

540 2664 656 2740 studi'o
676 2665 775 2760 quod
794 2691 915 2741 mones
938 2664 1091 2750 fadiur'us
1120 2663 1213 2750 sum,
1238 2685 1308 2735 nun
1331 2684 1370 2736 ut
1387 2667 1595 2754 valetudini,
1620 2667 1677 2740 sed
1699 2687 1741 2740 ut
1795 2703 1801 2712 ·

542 2761 694 2834 fortunae
718 2760 915 2850 consulam,
940 2783 982 2832 ac
1013 2765 1199 2836 amicorum
1231 2758 1402 2852 suffragiis
1431 2781 1533 2846 urat,
1568 2761 1650 2833 dum
1684 2766 1737 2836 illi
1887 2779 1890 2852 y

545 2881 601 2930 me
626 2857 795 2950 adjuvare
820 2858 857 2931 de
878 2852 1020 2950 poliunt
1043 2854 1081 2928 da
1114 2859 1273 2949 cupiunt.
1322 2853 1397 2926 Hic
1423 2877 1532 2928 annus
1556 2859 1642 2929 mihi
1670 2857 1739 2932 fuit
1889 2853 1890 2940 ξ

544 2949 782 3026 submolestus.
830 2951 900 3025 Sed
917 2972 1033 3024 tamen
1056 2949 1206 3022 fruiium
1233 2951 1306 3046 ejus
1338 2973 1409 3022 non
1433 2955 1644 3025 mediocrem
1665 2953 1752 3027 seen·v
1888 2993 1890 3004 2

545 3050 597 3121 tio
617 3044 807 3142 praesertim
832 3049 868 3117 in
887 3046 1173 3142 jurisprudentia.
1224 3045 1464 3140 Antagonistae
1482 3049 1549 3120 mei
1571 3051 1740 3123 invidiam

547 3146 585 3218 dt
613 3149 782 3236 impetum
802 3141 875 3235 jam
899 3143 1095 3215 devoravi:
1128 3147 1325 3236 quanquam
1351 3139 1430 3212 sane
1452 3144 1624 3238 principia
1653 3147 1742 3218 mihi
1888 3219 1890 3240 i

496 3271 500 3278 ·
546 3239 641 3311 fuere
662 3235 836 3320 diflicilia,
860 3237 1050 3332 praesertim
1073 3261 1143 3308 non
1161 3235 1290 3309 assueto
1312 3239 1425 3309 adhuc
1441 3237 1571 3310 Italicis
1592 3241 1739 3334 ingeniis
1889 3241 1890 3246 ’

548 3337 586 3408 &
602 3334 749 3407 technis.
783 3329 826 3404 ln
849 3331 1115 3428 Archiepiicupi
1138 3329 1390 3406 Cantuariensrs
1409 3334 1527 3404 locum
1549 3337 1652 3407 audio
1669 3335 1745 3408 suc·

548 3426 671 3502 eeffiffe
689 3429 872 3520 quemdam
901 3432 961 3522 qui
985 3427 1161 3522 superiore
1186 3449 1277 3500 anno
1296 3427 1390 3524 apud
1413 3426 1586 3502 Caesarem
1602 3428 1744 3504 sanetus

510 3597 514 3605 ,
549 3526 608 3598 eli'
624 3523 816 3616 legatione,
840 3523 878 3596 ἃ
903 3548 923 3598 a
949 3523 1121 3620 plerisque
1149 3527 1407 3595 commendatur
1429 3522 1476 3594 ob
1494 3528 1742 3598 humanitatem

551 3616 591 3690 da
617 3615 820 3689 doilrinarr'r.
871 3616 956 3691 Non
983 3621 1105 3691 dubito
1130 3619 1215 3712 quin
1245 3621 1303 3690 ille
1328 3616 1558 3714 pendnetem,
1591 3625 1654 3701 ribi
1681 3622 1745 3696 sal·

549 3736 630 3802 vam
652 3711 720 3784 elie
739 3711 904 3798 curabit,
928 3716 1035 3786 modd
1057 3713 1254 3787 admonitus
1278 3712 1404 3788 fuerit:
1425 3713 1502 3788 ciam
1528 3718 1630 3788 etiam
1661 3718 1744 3810 Jure

551 3833 625 3882 eam
642 3809 781 3901 exigere
800 3829 1030 3901 procuratore
1060 3809 1247 3882 constituto
1266 3810 1379 3905 polita.
1429 3812 1619 3910 Multoque
1642 3813 1747 3888 satius

552 3903 602 3976 est
611 3907 761 3999 aliquam
774 3922 909 3997 partem
926 3899 1214 3980 Procuratoribus
1232 3929 1374 4001 erogare
1384 3955 1396 3990 ‚
1407 3929 1506 4002 quam
1520 3923 1629 3980 totam
1645 3913 1743 3982 amit-

551 4021 636 4072 tere.
685 3999 877 4075 borean
897 4001 1091 4096 Dcy'otorum
1115 3999 1194 4097 (1)
1221 4005 1413 4088 adunavi,
1439 3999 1559 4077 nisiex
1577 4006 1645 4088 tuis
1667 4007 1745 4079 lite·

1682 4123 1745 4176 trs.

596 4246 661 4332 (1)
682 4244 864 4314 Zachariam
882 4249 1087 4337 Dejoramro]
1119 4247 1152 4318 Ie
1178 4263 1252 4320 erat
1279 4251 1425 4332 Frisios,
1454 4251 1576 4340 Erasmi
1597 4253 1744 4340 famulus
1794 4199 1798 4204 Ι

550 4331 733 4446 aliquando
752 4331 789 4403 δι
809 4332 1022 4420 discipulus,
1051 4349 1154 4447 quem
1178 4351 1198 4400 a
1222 4333 1385 4406 fidelitate
1406 4353 1450 4405 ac
1473 4339 1743 4508 praeliitisspgapid
