3967 5167
506 502 943 633 auronum
974 498 1646 603 nrrrnzurcrtant

509 695 620 768 beas?
647 688 724 762 Scis
745 690 781 760 in
798 685 989 783 parricidio
1022 708 1092 757 non
1113 696 1248 758 tantum
1269 686 1451 758 authorem
1484 687 1626 781 puniri,
1653 683 1715 759 sed

512 788 553 862 dt
570 785 800 859 consultorem
819 781 858 855 da
878 780 1066 857 conscium.
1116 782 1172 852 An
1189 785 1305 875 itaque
1317 782 1411 855 illud
1436 784 1510 869 vir,
1537 804 1574 855 ut
1600 806 1655 853 me
1674 784 1714 853 itt

512 885 672 957 criminis
687 880 774 953 tanti
788 880 1012 963 societatem,
1039 874 1064 947 st
1090 898 1206 949 tamen
1227 882 1299 949 ulla
1324 882 1360 951 in
1389 902 1427 949 re
1449 882 1545 975 turpi
1566 878 1713 952 societas

515 976 584 1053 elie
603 978 735 1074 potest,
759 978 965 1071 pertrahas?
992 972 1062 1044 Sed
1084 976 1212 1046 redibis
1236 977 1273 1046 in
1288 977 1434 1069 patriam
1464 998 1543 1049 curn
1560 976 1628 1048 illa.
1655 973 1713 1046 O!

517 1100 558 1147 os
576 1076 776 1167 impudens,
800 1094 882 1144 tune
905 1070 966 1143 sub
990 1072 1114 1165 patriae
1133 1072 1267 1156 oculis,
1292 1076 1328 1143 in
1350 1070 1538 1167 conspesiu
1570 1069 1741 1166 propin·'

517 1192 689 1267 quorum,
716 1172 752 1239 in
774 1169 942 1241 maternis·
955 1167 1125 1252 Laribus,
1150 1165 1441 1261 tantainfignitus
1468 1188 1571 1253 nota,
1596 1191 1640 1239 ne
1664 1167 1717 1238 di·

458 1290 463 1297 ·
517 1292 596 1340 cam
614 1263 754 1338 infamia
773 1263 948 1352 libidinis,
973 1264 1151 1351 stultitia,
1168 1266 1375 1359 impietatis,
1402 1266 1546 1337 audebis
1569 1284 1715 1359 appares

517 1367 583 1438 re?
610 1360 659 1433 Et
673 1380 781 1433 mater
797 1358 928 1432 scilicet
947 1358 1019 1453 jam
1033 1361 1195 1455 expestat
1212 1383 1335 1431 nurum
1362 1363 1587 1457 peregrinam.
1637 1359 1714 1431 Scis

454 1487 456 1497 ’
520 1458 709 1533 Comicum
736 1457 987 1551 proverbium,
1018 1478 1091 1529 uno
1120 1457 1235 1527 animo
1269 1479 1388 1529 omnes
1416 1457 1533 1530 socrus
1561 1454 1715 1529 oderunt

519 1578 650 1637 nurus,
675 1552 713 1627 δι
739 1574 775 1625 tu
809 1556 895 1627 tales
921 1552 1059 1624 delitias
1082 1552 1125 1624 ad
1151 1575 1322 1625 maternas
1351 1553 1443 1626 aedes
1468 1553 1629 1625 deduces.
1655 1552 1712 1623 O!

519 1670 688 1744 quantam
717 1649 869 1721 rixarum
903 1648 1226 1742 inimicitiarumque
1266 1652 1371 1724 telam
1406 1650 1519 1737 texis,
1545 1662 1716 1743 quantum

521 1746 825 1818 incommodorum
842 1746 989 1839 pelagus
1006 1746 1207 1838 ingrederis.
1256 1745 1295 1817 Si
1322 1744 1461 1817 fortuna
1478 1744 1560 1819 esset
1576 1744 1716 1828 tenuis,

521 1841 690 1937 pollesex
705 1840 886 1935 AEthiopia
905 1862 1050 1913 uxorem
1067 1844 1213 1922 ducere,
1239 1860 1274 1913 at
1300 1840 1379 1913 crim
1402 1860 1586 1937 parentum
1611 1862 1715 1915 omne

524 1938 566 2010 lit
588 1938 759 2021 studium,
785 1958 824 2008 ut
849 1940 1002 2032 amplum
1023 1938 1270 2031 patrimonium
1294 1938 1412 2011 liberis
1428 1940 1651 2032 relinquant,
1677 1936 1715 2005 δι

524 2026 584 2109 tu'a
602 2055 711 2107 mater
728 2035 764 2103 in
776 2034 954 2105 lautissima
973 2057 1010 2103 re
1027 2032 1087 2106 lit:
1112 2058 1157 2106 an
1176 2056 1245 2107 non
1264 2036 1388 2105 merito
1407 2036 1626 2129 indignetur,
1652 2035 1715 2104 im·

523 2136 640 2229 pium,
664 2131 908 2223 ingratumque
938 2128 1048 2200 filium
1074 2129 1108 2200 se
1130 2126 1327 2225 peperisses
1360 2128 1480 2203 Habes
1504 2132 1717 2203 avunculum

436 2274 440 2281 ·
515 2224 684 2323 ‘apprime
699 2226 866 2311 divitern,
892 2224 1112 2319 eundemque
1130 2223 1200 2296 fine
1218 2224 1286 2297 suis
1303 2226 1521 2308 haeredibus,
1547 2232 1645 2323 cujus
1670 2226 1716 2298 ab

523 2322 687 2397 intestato
704 2324 839 2417 lege‘ad
852 2340 886 2392 te
901 2319 1211 2409 venietsucceffio,
1237 2319 1392 2393 credisne
1411 2325 1461 2395 illi
1477 2343 1572 2395 tuum
1587 2320 1718 2395 sadum

521 2421 751 2517 placiturum,
787 2414 940 2490 credisne
964 2418 1065 2489 illum
1090 2417 1329 2489 testamentum
1356 2416 1589 2515 scripturum,
1614 2440 1719 2513 atque

523 2518 567 2589 ad
587 2512 726 2608 quosvis
746 2514 986 2607 potiusquam
1012 2515 1055 2584 ad
1074 2511 1166 2586 male
1182 2512 1395 2608 morigerum
1422 2537 1586 2610 nepotem
1609 2514 1720 2610 patri·

524 2614 681 2685 monium
700 2607 988 2681 transmissurum?
1016 2607 1156 2681 Omitto
1179 2608 1241 2682 ista
1264 2632 1342 2703 quae
1367 2613 1519 2707 longum'
1541 2610 1647 2684 fuerit
1664 2627 1720 2683 re·

431 2712 435 2716 ’
524 2704 686 2791 censere,
710 2706 747 2779 &
765 2726 847 2799 quae
863 2728 930 2799 ego
951 2728 1024 2776 non
1047 2702 1127 2777 satis
1152 2703 1225 2799 ipse
1252 2708 1419 2802 intelligo.
1470 2706 1557 2781 Hoc
1583 2726 1729 2781 tantum.

524 2826 637 2897 rogo,
662 2820 703 2873 ut
720 2798 792 2895 ipse
809 2804 854 2873 ad
881 2822 916 2873 te
940 2802 1076 2885 redeas,
1101 2802 1343 2895 rationemque
1362 2804 1542 2899 propriam
1572 2805 1609 2875 in
1634 2826 1720 2877 con-

524 2899 637 2972 filium
653 2896 842 2983 adhibeas,
868 2898 904 2969 δι
921 2895 1071 2993 sepofito
1092 2896 1268 2993 paulisper
1283 2900 1346 2972 isto
1374 2898 1571 2995 praecipiti,
1595 2924 1640 2973 ne
1666 2900 1720 2971 di-

522 3018 601 3070 cam
631 2993 771 3079 insano,
802 2994 930 3065 amoris
961 2990 1109 3078 affediu,
1133 2994 1217 3066 vide
1242 2997 1326 3087 quid
1351 3015 1454 3090 agas,
1478 3016 1716 3091 quantamque

401 3151 404 3157 .
522 3090 728 3185 ttagoediam
743 3088 810 3165 tibi
830 3110 1017 3183 praepares.
1067 3088 1236 3257 ngiends
1250 3090 1299 3163 est
1314 3112 1384 3163 non
1402 3095 1508 3165 modo
1518 3094 1616 3186 quod
1626 3114 1718 3186 prae·

523 3186 599 3262 sens
616 3186 664 3259 est
679 3186 847 3283 aspicere,
873 3184 932 3258 sed
944 3187 1084 3261 memini
1145 3188 1220 3280 qud
1237 3207 1295 3258 tua
1307 3189 1405 3281 prius
1424 3187 1564 3262 consilia
1579 3186 1716 3282 semper

521 3285 731 3371 tendebant,
755 3285 794 3357 ἃ
816 3286 908 3377 quod
934 3281 1090 3355 futurum
1119 3278 1170 3351 est
1191 3280 1271 3377 post
1293 3282 1460 3373 mensem,
1485 3280 1565 3379 post
1590 3308 1716 3357 annum

522 3382 564 3455 δι
583 3383 691 3461 duos,
716 3379 778 3450 ubi
796 3396 831 3449 te
854 3376 990 3451 satietas
1019 3378 1145 3451 amoris
1167 3380 1333 3473 coeperit,
1357 3379 1419 3451 ubi
1445 3384 1565 3455 oculos
1590 3381 1717 3453 mentis

519 3500 612 3571 quos
631 3475 717 3546 mihi
731 3471 870 3545 amisisse
881 3478 988 3547 modd
1006 3474 1156 3559 videris,
1182 3476 1421 3567 recuperabis„
1465 3477 1636 3550 Concedo
1651 3476 1717 3550 tibi

523 3594 686 3665 magnum
703 3572 880 3664 ingenium
896 3570 987 3655 elle,
1013 3567 1070 3641 sed
1081 3592 1120 3641 tu
1140 3570 1222 3641 vide
1241 3567 1306 3657 sts,
1332 3592 1425 3644 ante
1442 3592 1513 3646 non
1531 3574 1716 3669 poenitebit

521 3690 664 3743 eorum,
688 3668 768 3762 qure'
794 3668 910 3739 brevis
928 3668 1121 3757 voluptatis
1149 3664 1249 3738 causa
1272 3670 1381 3741 modo
1405 3666 1519 3745 facere
1535 3667 1719 3763 concupis·

521 3768 584 3838 cis.
638 3760 728 3837 Vide
753 3782 889 3851 autem,
915 3786 957 3833 an
974 3784 1045 3834 non
1064 3781 1098 3832 te
1114 3763 1266 3836 levitatis
1283 3766 1409 3839 merito
1429 3765 1596 3841 accusem.
1621 3766 1718 3838 Haec

522 3864 661 3933 enimne
687 3861 735 3935 est
761 3858 870 3939 fides,
897 3880 1001 3951 quarn
1017 3855 1102 3929 mihi
1117 3860 1201 3929 olim
1227 3859 1368 3942 dedisti,
1395 3858 1475 3933 crim
1504 3859 1623 3937 iisdem
1650 3858 1719 3933 stu·

521 3959 588 4031 diis
613 3974 733 4029 mutua
757 3955 976 4051 aemulatione
993 3954 1303 4030 incumbebamus?
1329 3954 1499 4031 Nondum
1515 3956 1718 4053 vigestmum

522 4055 684 4145 quintum
700 4050 884 4145 complesti
902 4072 1050 4136 annum,
1077 4050 1113 4122 dt
1130 4071 1202 4123 tam
1226 4055 1298 4127 cito
1325 4075 1345 4124 a
1369 4050 1480 4128 Musis
1503 4054 1549 4128 ad
1573 4076 1718 4129 uxorem

521 4146 703 4313 proripis?
729 4148 911 4219 Memento
932 4168 1011 4241 quae
1026 4170 1094 4219 una
1109 4148 1264 4241 colloqui
1287 4144 1455 4234 solemus,
1478 4154 1572 4226 velle
1598 4174 1664 4224 nos
1682 4153 1719 4223 iu

520 4246 595 4316 hec
644 4240 804 4315 udiorum
822 4240 923 4315 cursu
939 4242 984 4315 ad
1003 4240 1210 4335 trigefinrum
1235 4262 1364 4315 minum
1382 4246 1601 4332 incumbere,
1626 4248 1720 4321 velle
1809 4314 1814 4323 .

521 4362 588 4413 nos
612 4336 737 4434 insigni
753 4340 872 4435 aliquo
893 4360 1003 4436 opere
1030 4339 1174 4433 gloriam
1197 4340 1305 4424 nobis,
1325 4338 1566 4435 constabilire,
1590 4342 1721 4423 deinde

1627 4462 1716 4516 vero
