3967 5167
317 535 507 636 EPlST.
537 533 843 635 SELECTAE
870 561 935 630 ao
965 537 1296 642 DIVERSOS.
1373 553 1429 642 61
1543 567 1548 629 2

405 750 936 852 metanoea.
999 761 1220 880 xxiv.
1308 865 1311 873 ,
1432 755 1581 887 'aa

1457 919 1505 961 mo
1525 901 1568 966 11.

275 957 650 1102 castani
698 932 1036 1114 vuemo
1081 983 1366 1107 vetto
1457 977 1588 1058 ‘⁰¹·⁷⁹·

217 1245 569 1359 Exijlimatt'oaem
596 1245 713 1365 dese
740 1277 767 1334 a
798 1243 915 1341 Vesta
943 1247 1150 1358 talarem,
1180 1247 1337 1342 humili
1353 1281 1421 1344 ex·
1473 1327 1565 1398 152
1809 1297 1821 1308 ·

275 1354 473 1471 cesariana
508 1369 689 1451 minuare
713 1359 880 1482 satagit.
936 1363 1196 1454 Pramatare'
1223 1365 1421 1564 adIJart‘s
1495 1327 1576 1442 -3'
1698 1411 1705 1418 ·

278 1472 424 1563 cratin
450 1473 700 1589 diciplinam
734 1475 947 1587 translatos
963 1535 985 1581 ,.
1010 1473 1251 1592 purioribus
1302 1489 1420 1570 iteris

276 1615 354 1680 non
380 1585 486 1699 satis
518 1596 655 1703 potnit
688 1610 857 1703 operam
895 1591 1005 1676 dare.
1076 1587 1187 1703 Qud
1217 1595 1418 1706 promeae

236 1759 240 1765 ι
273 1697 441 1808 mista,
506 1727 565 1786 tta
603 1709 855 1817 tangentia
888 1699 1175 1791 Herntanrtam
1214 1704 1416 1813 Frtstam,

272 1837 394 1928 qttem
418 1833 471 1926 po
519 1809 594 1926 sai
609 1841 698 1902 cum
721 1842 766 1901 eo
788 1825 1146 1930 comparationem,
1175 1845 1270 1932 egre
1296 1826 1332 1904 t'e
1350 1826 1430 1906 ex·'

276 1924 394 2014 tolli.
470 1925 539 2012 alii
556 1935 738 2014 carmina
759 1925 880 2015 Italis
904 1925 1148 2043 probantur,
1177 1939 1242 2018 cui
1257 1847 1308 2044 fe
1319 1930 1415 2050 saa-

238 2133 244 2140 ,
272 2033 559 2155 qaeobseqat'a
586 2041 746 2130 addicit.

310 2297 389 2373 Pud
413 2301 554 2394 eosqui
575 2319 630 2371 me
652 2317 826 2374 noverunt
844 2299 889 2374 de
911 2296 1022 2386 facie,
1048 2297 1116 2374 Vir
1137 2299 1337 2386 clariffime,
1363 2317 1412 2371 ar·

334 2418 404 2491 que
429 2396 680 2486 eruditillime,
709 2399 852 2469 'veniam
876 2413 961 2467 aetat
995 2417 1073 2466 mea
1101 2395 1239 2468 facilius
1264 2395 1410 2468 fortasis

214 2493 404 2588 impetret,
429 2489 454 2565 ss
479 2509 686 2586 conceptam
701 2493 817 2564 deme
840 2491 1119 2585 expediationem
1137 2489 1258 2564 fallens
1279 2491 1412 2584 aliquid

213 2609 422 2681 peccavero.
471 2585 606 2660 Vem'm
625 2582 705 2658 ciem
723 2602 763 2658 tu
780 2605 958 2678 nunquam
973 2608 1030 2658 me
1045 2585 1199 2671 videris,
1224 2605 1327 2680 atque
1340 2607 1412 2657 tan·

212 2703 289 2756 tum
314 2704 360 2755 ex
379 2683 505 2778 Georgii
529 2685 708 2755 Hermann·
729 2681 881 2775 benigna
906 2683 975 2752 mei
1000 2681 1316 2764 commendatione,
1341 2697 1411 2752 tam

211 2779 386 2875 praeclaro
403 2800 459 2851 me
479 2779 515 2849 in
530 2778 640 2852 litciit
658 2779 727 2850 tuis
743 2776 884 2871 eulogio
899 2777 1096 2862 ornaveris,
1122 2778 1221 2850 tantd
1241 2773 1337 2850 certe
1357 2797 1412 2851 me

213 2878 324 2970 magis
337 2875 515 2950 tenuitatis
532 2875 620 2947 meae
638 2873 764 2947 meritd
780 2871 979 2968 suppudere
990 2872 1111 2957 debet,
1138 2893 1270 2968 quanto
1287 2893 1321 2946 te
1338 2871 1411 2968 ipse

213 2973 249 3044 in
281 2973 426 3068 ingenio
462 2971 582 3042 nostro
615 2968 841 3065 dijudicando
876 2971 1017 3063 gravius
1046 2968 1170 3043 errasse
1202 2971 1409 3063 comperies.

213 3067 456 3162 Quamobrem
477 3067 614 3150 malim,
639 3085 680 3137 ut
697 3064 906 3139 mediocrius
930 3065 974 3138 ab
998 3067 1100 3138 initio
1122 3066 1165 3138 de
1179 3065 1280 3139 nobis
1295 3061 1409 3138 sensis-

212 3162 284 3249 ses,
310 3165 347 3238 δι
375 3163 491 3236 adhuc
515 3160 664 3247 sentias,
699 3183 896 3256 quanquam
920 3183 966 3234 ne
992 3161 1244 3235 mediocritatis
1269 3161 1410 3256 quidem

91 3346 94 3353 ,
211 3260 352 3333 laudem
373 3262 466 3332 tueri
488 3259 566 3331 ullo
592 3254 697 3353 patio
720 3281 777 3330 me
793 3255 898 3352 polle
922 3255 1074 3331 confido.
1133 3253 1233 3344 Quid
1256 3253 1348 3330 eitim
1373 3257 1410 3326 in

172 3423 175 3427 ,
211 3358 317 3430 nobie
337 3352 452 3451 potest
472 3353 539 3427 ell'e
557 3354 756 3439 mediocre,
782 3352 806 3426 ss
825 3353 869 3426 ad
895 3353 1027 3447 ingenii
1052 3349 1323 3448 eruditionisque
1339 3371 1411 3424 tuae

210 3454 392 3545 antiquam
404 3449 619 3526 &illustrem
635 3450 801 3546 gloriam,
819 3447 1197 3544 incomparabilemque
1211 3471 1311 3522 vcnae
1327 3448 1427 3520 dex·-

91 3590 92 3597 κ
209 3549 419 3632 toritatem,
452 3571 532 3641 quae
562 3544 631 3619 stne
657 3547 804 3641 aequali,
829 3547 867 3618 in
892 3545 1041 3642 poeticis
1070 3542 1253 3641 praecipue
1279 3543 1407 3631 literis,

209 3644 343 3718 multos
366 3663 460 3719 nunc
479 3665 586 3716 annos
606 3642 643 3714 in
658 3662 764 3738 gente
792 3639 908 3716 nostra
929 3638 1078 3732 effulsit,
1105 3640 1300 3716 referatur?
1326 3637 1408 3732 Ego

211 3741 323 3834 verd,
346 3760 392 3811 ne
442 3737 503 3810 uid
517 3737 667 3827 fallaris,
692 3736 837 3827 vixdum
853 3759 919 3832 pet
938 3758 1077 3812 aetatem
1103 3735 1197 3811 reete
1220 3738 1264 3810 de
1287 3731 1409 3808 studiis

210 3833 339 3909 sentire
355 3761 516 3930 polium,
535 3834 606 3903 imo
630 3833 725 3905 iniis
754 3835 882 3924 literis,
907 3836 1033 3929 quibus
1057 3832 1185 3908 literati
1208 3829 1408 3916 censentur,

155 4011 160 4020 ‚
211 3931 305 4005 hatid
326 3952 483 4026 unquam
499 3929 607 4016 mihi,
632 3947 673 4000 ut
687 3927 806 4000 saltem
824 3931 1021 4003 rudimenta
1036 3927 1265 4025 perdiscerem
1281 3925 1407 4022 justam

211 4025 578 4124 operam-impendere
601 4019 799 4100 concellum
826 4023 919 4110 suit,
952 4025 1039 4122 quip
1066 4049 1086 4096 e
1118 4021 1329 4122 praemature
1355 4025 1424 4096 niv

210 4125 276 4198 mis
289 4117 437 4218 adJuris
456 4120 580 4198 Civilis
597 4119 813 4218 disciplinam
836 4117 1018 4195 transsatus
1035 4049 1127 4208 sam,
1153 4116 1404 4290 eorum‘q'ull'u,

91 4280 93 4291 ,
211 4243 362 4316 quorum
387 4218 438 4298 ob.
464 4221 656 4294 naturalem
685 4221 851 4312 pietatem
874 4219 1192 4312 reverentiamque,
1218 4219 1267 4293 in¹
1309 4217 1409 4292 udio-

209 4339 287 4391 rum
305 4314 536 4399 institutione,
561 4314 739 4390 autoritati
756 4337 810 4386 me
828 4313 954 4390 cedere
970 4337 1035 4410 par
1050 4337 1132 4390 erat
1169 4311 1244 4404 Qut
1260 4339 1302 4387 ne
1320 4313 1407 4408 quid

194 4435 268 4509 ,mc
292 4413 453 4488 meliores
477 4415 588 4489 litere
612 4411 656 4488 ab
681 4410 1148 4586 iustitutoHremorarentur,
1173 4413 1298 4578 quibuls
1316 4407 1408 4573 sado·

899 4528 919 4600 3
1295 4524 1410 4578 ecene
