3967 5167
313 522 328 616 :³
354 524 551 622 nmsr.
582 472 883 623 sunncrn
910 553 977 619 m
1005 515 1332 625 orvansos.
1364 512 1448 644 ‘ab

98 762 99 777 .
245 719 364 793 multa
381 725 546 815 praeclara·
567 725 727 818 ingenia,
752 742 830 817 qnae
853 720 1006 796 tenebris
1031 719 1164 795 obruta
1177 717 1380 813 sepultaque
1395 724 1446 814 ja·

98 860 99 881 ι
245 818 403 904 cebant,
427 818 544 889 abste
566 824 610 891 ad
638 821 750 889 lucem
770 838 810 889 ac
824 818 932 891 vitam
949 818 1118 889 revocari.
1167 814 1259 888 Illud
1278 812 1446 887 desideras

98 927 99 1005 ζ
243 910 341 981 bunt
361 918 461 984 multi
479 912 587 997 scire,
615 916 675 1007 qui
705 914 925 1007 antiquorum
952 910 1158 1006 scriptorum
1182 909 1260 981 sunt
1282 908 1445 1009 studiofi,¹

112 1082 116 1087 ,
242 1006 457 1099 imprellane
478 1007 543 1080 smt
569 1032 688 1083 eorum
714 1032 842 1104 opera,
878 1012 914 1094 &
940 1006 1048 1080 ficubi
1069 1008 1184 1078 adbuc
1213 1026 1328 1078 extare
1351 1028 1445 1078 com-

273 1100 439 1174 erient'ur.
479 1102 555 1175 Est
582 1124 694 1177 autem
714 1107 749 1177 in
773 1104 876 1200 Haga
895 1103 1043 1177 Comitis
1061 1099 1260 1198 amplillima
1285 1103 1443 1193 quaedam
1486 1101 1494 1117 '

281 1198 471 1271 ibliotheca
493 1202 535 1270 ad
560 1200 729 1274 Caesarem
748 1200 925 1296 speciano,
952 1224 1018 1273 nec
1038 1198 1108 1271 scio
1130 1218 1174 1269 an
1193 1198 1389 1290 catalogum
1402 1198 1446 1267 li·

237 1292 395 1363 brorum
417 1295 530 1387 quiin
552 1314 592 1367 ea
613 1295 692 1367 sunt
714 1298 852 1369 videris.
902 1294 1043 1369 Solebat
1066 1313 1178 1368 autem
1197 1291 1313 1365 dicere
1332 1292 1361 1362 is
1382 1294 1449 1390 qui*

239 1408 327 1463 eam
349 1390 513 1479 collegit,
538 1387 563 1461 fi
588 1392 729 1484 quando
753 1394 799 1463 de
827 1394 943 1486 aliquo
972 1392 1066 1463 libro
1095 1388 1392 1483 interrogabatur:
1409 1384 1443 1479 st

240 1480 298 1576 eli
327 1480 512 1578 impreffus,
538 1508 593 1579 ego
606 1489 718 1558 whabeo.
770 1483 1057 1575 Quamobremfi
1089 1484 1174 1579 quid
1200 1485 1315 1555 adhuc
1338 1481 1447 1573 adjici

237 1574 361 1671 pollet
386 1581 469 1651 huic
499 1579 623 1675 infigni
646 1582 762 1675 operi,
788 1586 824 1655 id
848 1580 1047 1677 priusquam
1074 1581 1109 1651 in
1134 1582 1249 1651 lucem
1275 1581 1446 1651 emittere·

240 1693 331 1757 tur,
356 1677 480 1747 lubens
500 1676 568 1747 uni
586 1698 824 1771 procurarem.
863 1677 912 1749 Et
930 1701 1002 1772 quo
1017 1675 1053 1749 id
1071 1677 1202 1772 majore
1222 1698 1302 1749 cum
1320 1674 1445 1745 autho-

240 1770 351 1841 ritate
375 1772 470 1843 exire
483 1770 607 1865 poffit,
631 1771 743 1843 visum
761 1773 810 1843 est
828 1770 1124 1847 Reverendiffimo
1142 1768 1319 1865 Episcopo
1341 1770 1444 1840 Atre-

239 1862 378 1937 batensr
405 1868 490 1961 (qui
515 1870 588 1961 ejus
616 1890 757 1963 quoque
779 1870 917 1962 gustum
946 1867 1078 1963 coepit)
1104 1869 1314 1953 convenire,
1340 1890 1379 1937 ut
1405 1864 1443 1936 id

241 1958 336 2032 fimas
359 1963 404 2033 ab
422 1966 539 2053 aliquo
564 1958 716 2039 studioso
741 1966 870 2059 relegi,
896 1964 933 2038 δι
956 1966 1092 2050 limam,
1116 1961 1141 2033 fi
1166 1984 1234 2057 qua
1252 1959 1443 2053 indigebit,
1560 2012 1567 2029 .

242 2056 418 2129 adhiberi.
468 2056 765 2153 Cogitabamque,
793 2056 817 2129 st
835 2082 906 2131 tuae
924 2056 1127 2131 Paternitati
1144 2081 1215 2129 non
1227 2056 1444 2150 displiceret,

241 2148 348 2246 polle
370 2153 445 2227 haec
475 2156 653 2229 volumina
674 2156 718 2227 ad
745 2156 913 2229 Ruordum
937 2154 954 2194 *⁸
978 2152 1162 2251 Decanum
1193 2150 1443 2225 Lovaniensem
1468 2163 1583 2241 *Tap

242 2248 365 2333 mitti,
390 2251 504 2322 virum
527 2251 685 2345 inprimis
716 2250 882 2337 doctum,
914 2250 953 2323 δι
981 2252 1103 2343 pium,
1136 2269 1209 2343 quo
1239 2248 1268 2320 is
1293 2249 1443 2339 aliquem
1468 2260 1578 2317 petum.

242 2340 339 2415 bene
367 2344 564 2440 diligentem
595 2346 725 2441 deligat
755 2348 791 2418 in
816 2369 856 2419 ea
879 2344 1070 2418 Academia
1103 2346 1162 2417 cui
1186 2346 1277 2415 hanc
1301 2342 1444 2435 provin·

98 2489 99 2497 ι
244 2438 337 2515 ciam
355 2443 560 2515 committat.
610 2439 723 2535 Super
742 2465 814 2536 qua·
832 2464 869 2515 re
893 2460 987 2513 tuam
1009 2439 1205 2535 expectabo
1218 2436 1444 2523 sententiam,

176 2598 178 2605 .
241 2554 290 2605 ιιι
308 2533 412 2610 sciam
432 2538 475 2609 ad
493 2559 528 2610 te
546 2538 640 2609 bunc
657 2536 779 2610 loetum
794 2539 881 2609 velis
895 2536 1047 2621 remitti,
1071 2560 1115 2609 an
1139 2535 1227 2611 verd
1245 2532 1446 2606 Lovanium

127 2640 130 2651 '
243 2630 293 2727 ad
313 2628 497 2723 praelatum
514 2630 695 2705 Decanum
708 2632 822 2727 dirigi.
873 2630 1018 2705 Utinam
1033 2654 1146 2705 autem
1162 2632 1261 2705 Deus
1276 2629 1445 2724 Optimus

243 2720 426 2799 Maximus
453 2749 560 2800 annos
584 2750 664 2801 tuos
690 2731 883 2815 extendat,
908 2750 980 2821 quo
1006 2727 1108 2823 pollis
1134 2730 1257 2801 horum
1284 2727 1444 2809 laborum

242 2838 389 2893 tuorum
408 2824 644 2917 colophonem
663 2846 822 2911 cernere,
847 2825 884 2899 ἂ
900 2822 1070 2919 speratum
1083 2826 1262 2919 percipere
1279 2818 1442 2893 fructum.

242 2912 363 3003 Vale,
396 2918 500 2992 Pater
531 2918 783 3005 Honorande,
816 2921 1010 3015 animaeque
1038 2940 1161 2993 amatae
1191 2915 1349 3012 conjugis
1375 2918 1470 2987 eris¹

243 3012 284 3087 in
308 3014 375 3085 tuis
401 3014 566 3112 precibus
589 3014 741 3091 subinde'
754 3038 895 3091 memor.
922 3012 1095 3092 Bruxellae
1115 3036 1170 3107 19.
1182 3014 1315 3111 Aprilis
1334 3029 1442 3103 1553.
1497 3045 1502 3066 ι

1468 3314 1516 3353 mo
1531 3250 1593 3355 IV·
1679 3318 1683 3326 ’

276 3302 366 3333 „
457 3218 1231 3314 uarsrounourx.
1583 3336 1591 3352 .

263 3438 1325 3575 ‘uununornrnnn
1464 3372 1668 3511 {iifl-

168 3678 169 3681 ‘
254 3652 517 3769 Censura&
531 3658 685 3771 privile
711 3662 794 3743 ium
820 3652 994 3774 Regium
1017 3676 1098 3770 pro
1114 3652 1281 3741 edendis
1306 3648 1441 3758 libris,
1493 3688 1597 3762 1554·

523 3780 643 3858 etiam
696 3778 914 3876 odorum,
942 3768 1165 3884 neccffart'o.

242 3977 639 4149 LAudoindullriam
657 3980 803 4092 vestram
819 3981 855 4057 in
876 3980 1094 4092 explicandis
1113 3976 1266 4052 articulis
1286 3977 1451 4087 (alper-

335 4072 538 4155 facultatem
556 4076 814 4174 Theologrcam
841 4081 926 4155 oum
951 4077 1064 4153 editu.
1113 4076 1227 4151 Porro
1248 4074 1374 4150 edendi
1402 4076 1443 4184 lr-
1521 4137 1524 4142 .

1328 4192 1443 4245 centra

283 4325 303 4408 x1(
315 4324 350 4407 r)
372 4326 411 4394 In
426 4330 609 4417 explicandis
620 4330 777 4415 artimus]
801 4328 1091 4417 Ancillulam.
1108 4334 1141 4395 in
1161 4327 1228 4396 bibl.
1248 4328 1450 4411 neglego».

98 4460 99 4527 3
245 4404 406 4485 Mardum
419 4412 584 4503 Topperum
597 4406 1445 4503 scriplilie:Explitotr‘ooesinanimlosmircaeccle·

1319 4486 1447 4555 fiastica
