3967 5167
337 514 531 610 EPIST.
561 433 868 610 SELECTAE
894 537 962 606 AD
990 505 1321 612 DlVERSOS.
1361 537 1438 624 141

104 694 105 761 i
246 704 541 785 memorationem,
569 699 676 772 alium
697 699 878 794 promerui
903 695 1031 769 librum
1060 700 1117 763 aas
1138 697 1249 786 stages
1276 687 1441 801 justinia·

104 852 105 857 ,
245 801 300 882 ni,
322 801 432 871 multo
459 796 731 868 emendatiorem
756 795 1046 888 plenioremque,
1070 793 1172 888 quim
1198 791 1237 864 sit
1259 791 1288 862 is
1312 807 1374 882 qur
1392 785 1437 857 ab

245 893 420 966 Holoondm
435 892 550 965 editus
571 890 648 963 suit.
698 889 749 960 Et
772 888 866 984 spem
893 889 1040 983 concepi
1063 889 1130 960 alia
1148 909 1203 961 me
1230 887 1272 960 ab
1293 907 1336 958 eo
1352 903 1436 955 con·
1552 975 1554 990 ι

104 990 105 1047 l
241 984 445 1062 secuturum.
494 985 596 1060 Vale.
630 985 767 1073 Patavii
792 1007 847 1076 17.
873 983 1006 1079 Aprilis
1034 1003 1138 1076 1533.

465 1131 971 1281 uuisionn
1036 1183 1224 1282 XLV.

104 1524 105 1553 Ν
309 1404 668 1502 ERASMO
723 1399 1358 1498 ROTERODAMO.

104 1556 105 1620 ἰ
239 1617 314 1708 De
336 1625 506 1737 acceptis
533 1615 585 1706 ab
602 1615 774 1733 Erasmo
793 1615 963 1734 epssolir
983 1623 1142 1733 gratias
1165 1611 1293 1704 haber.
1322 1617 1432 1729 Ape-

293 1740 353 1817 rit
379 1742 415 1819 ei
439 1732 640 1840 confilium
653 1735 776 1844 jorim
795 1733 990 1847 migrandi
1006 1729 1196 1846 Spiram,
1226 1736 1431 1844 usquein

244 1895 247 1902 -
284 1841 435 1960 scholis
455 1845 590 1932 didicit
607 1872 656 1930 oc
674 1845 824 1948 docuit,
850 1843 1058 1953 alifhrum
1079 1839 1137 1935 ὅθ’
1150 1865 1276 1958 remp.
1304 1863 1432 1929 trans·

283 1957 414 2065 ferar.
476 1957 646 2067 Graias,
680 1955 947 2068 Institoriones
997 1953 1147 2070 Caesari
1189 1977 1433 2070 nuncupatas

297 2066 513 2157 Frobenius
530 2070 710 2156 excudat.
768 2069 879 2177 Quor
901 2066 1047 2156 habear
1059 2089 1244 2184 patronos
1268 2075 1309 2155 in
1325 2087 1432 2155 utra·

298 2209 378 2296 que
416 2181 652 2270 Germania.
710 2181 779 2270 Ab
816 2179 989 2296 Erasmo
1018 2181 1286 2272 commendari
1312 2187 1433 2298 cupit.

295 2293 489 2382 Meminit
502 2297 703 2397 denariis
730 2299 833 2384 viris
862 2296 1041 2382 audiris.

298 2521 433 2617 Emper
461 2521 624 2616 equidem
648 2522 767 2614 magni
789 2516 953 2594 beneficii
977 2522 1059 2595 loco
1082 2521 1187 2609 duxi,
1226 2523 1273 2595 D.
1302 2520 1434 2618 Erasini

352 2639 474 2690 arrone
502 2618 657 2688 omnium
690 2617 898 2690 maxime&
930 2618 1234 2700 honorandissime,
1269 2620 1364 2714 quod
1389 2617 1434 2691 ad

239 2735 299 2786 me
324 2641 471 2786 iiribere
505 2732 576 2782 non
606 2713 809 2806 gravareris.
858 2709 969 2784 Nunc
992 2734 1104 2786 autem
1130 2715 1226 2810 quod
1253 2736 1325 2786 tarn
1352 2735 1434 2808 pro·

239 2807 344 2890 lixis,
378 2806 604 2893 honorificis,
639 2805 864 2903 benignisque
893 2809 1004 2883 literis
1028 2812 1153 2882 iterum
1181 2828 1285 2906 atque
1308 2813 1435 2882 iterum

241 2927 300 2975 me
325 2901 369 2975 fis
392 2904 576 2997 dignatus,
602 2905 748 2977 maxima
770 2906 834 2977 tibi
862 2926 882 2975 a
912 2925 968 2974 me
996 2907 1105 3001 gratia
1128 2904 1288 2980 habetur.
1338 2904 1434 2978 Nam

1467 1207 1514 1272 Ex
1525 1209 1587 1270 To·

1469 1307 1517 1348 mo
1533 1288 1576 1350 Il.

1467 1364 1523 1426 sol.
1541 1381 1609 1430 212.

1484 1632 1586 1706 ¹533·

238 3019 365 3071 mutuo
379 2997 554 3071 scribendi
577 2997 694 3072 officio
710 3001 797 3073 adeo
809 3000 874 3073 tibi
887 2995 1082 3074 satisfacere
1097 3023 1255 3095 nequeo,
1273 3023 1311 3074 ut
1325 3003 1437 3074 abun·
1535 3059 1536 3065 1

241 3095 289 3167 de
307 3094 369 3167 suo
399 3093 515 3166 officio
543 3092 672 3167 funeiae
694 3097 804 3167 literae
828 3117 915 3167 meae
938 3098 1024 3169 milri
1045 3097 1252 3198 videaumr3
1276 3095 1300 3168 si
1326 3098 1434 3171 modd

238 3193 329 3264 nihil
347 3213 382 3265 te
403 3187 636 3275 offenderint,
661 3190 698 3264 δι
720 3193 861 3285 qualem
881 3195 1017 3283 qualem
1033 3189 1248 3266 occasionem
1268 3193 1333 3264 tibi
1348 3213 1436 3286 pra·

238 3285 408 3371 buerint,
431 3307 504 3380 quo
519 3287 590 3358 hoc
607 3309 691 3380 erga
717 3311 773 3358 me
793 3285 1002 3359 beneficium
1034 3289 1070 3356 in
1093 3289 1267 3382 posterum
1294 3309 1436 3384 quoque

241 3381 440 3456 continues.
491 3379 641 3474 Quodsi
665 3403 780 3454 autern
799 3383 891 3453 votis
914 3385 1000 3455 meis
1022 3379 1151 3476 Superi
1173 3385 1372 3465 annuerint,
1397 3384 1435 3457 id

241 3476 318 3562 est,
338 3497 380 3548 ut
406 3478 443 3550 δι
457 3498 492 3550 ιι
507 3479 568 3548 diu
584 3476 688 3549 nobis
708 3478 916 3551 incolumem
934 3479 971 3551 δι
992 3474 1204 3574 superstitem
1226 3477 1380 3555 servent:
1397 3481 1434 3552 dc

243 3571 333 3644 mihi
350 3571 522 3643 fortunam
537 3574 646 3666 pauld
672 3575 855 3646 lautiorem
882 3574 1083 3670 praebeant:
1120 3573 1232 3671 reipsa
1256 3573 1437 3674 gratitudi-

242 3691 326 3740 nem
344 3687 428 3760 erga
445 3687 481 3738 te
497 3689 605 3737 meam
621 3665 668 3740 fic
694 3669 901 3755 declarabo,
926 3672 1000 3766 qud
1018 3690 1053 3744 te
1077 3669 1178 3765 huius
1193 3672 1229 3742 in
1249 3697 1305 3746 me
1330 3672 1436 3744 bene·

1461 3129 1498 3218 l,-

242 3763 397 3837 ficentiae
420 3760 562 3832 minime
585 3766 763 3854 poeniteat.
813 3765 1016 3863 Significavi
1034 3767 1099 3840 tibi
1118 3787 1221 3839 antea
1248 3791 1291 3839 ex
1311 3767 1437 3842 amico·
1472 3785 1474 3792 “

243 3883 323 3933 rum
341 3855 491 3931 confiliis
516 3878 646 3950 cupere
662 3881 716 3930 me
735 3860 804 3932 alid
822 3860 933 3934 studia
948 3885 1027 3936 mea
1041 3859 1201 3948 flesiere,
1227 3859 1265 3934 &
1286 3864 1437 3957 aliquan·

246 3955 295 4028 do
318 3956 363 4028 ad
393 3951 538 4048 scopum
555 3954 699 4047 propius
716 3954 879 4049 dirigere.
926 3957 1007 4048 Qui
1024 3959 1126 4032 nobis
1152 3956 1245 4052 pene
1273 3959 1437 4034 omnibus

128 4109 133 4114 .
246 4054 277 4125 is
301 4049 372 4136 est,
396 4069 443 4122 ut·
456 4049 492 4120 in
522 4045 603 4121 loro
626 4048 682 4122 vel
710 4045 909 4144 Republica
938 4053 1035 4126 usum
1065 4055 1215 4148 aliquem
1246 4055 1439 4152 disciplinae

249 4145 373 4220 nostrae
399 4142 635 4219 exhibeamus.
685 4145 773 4239 Jura
793 4147 886 4218 enim
908 4147 1025 4224 civilia
1048 4167 1156 4223 utcun
1183 4173 1247 4242 ue,
1270 4155 1341 4227 hoc
1366 4153 1438 4240 est,

149 4339 152 4345 .
249 4263 417 4409 quantum
449 4235 624 4353 nostratia
639 4239 716 4317 fora
739 4245 938 4360 requiram,
962 4268 1089 4362 prope·
1116 4173 1232 4358 diiici
1282 4247 1333 4324 Et
1351 4251 1440 4334 ,lraec

269 4339 371 4413 raher
383 4356 585 4415 exermtam
599 4359 671 4415 nou
687 4362 813 4438 parum
828 4361 885 4414 me
897 4363 1011 4438 Juvat,
1035 4341 1257 4444 tuebiturque
1276 4339 1440 4421 adversus

813 4433 891 4530 83·
1361 4459 1441 4524 cos,
1470 4485 1474 4492 ·
