3967 5167
98 489 102 510 '
335 496 540 615 uersu(
555 488 1308 613 sntnctm'mntuuusos.
1357 524 1482 659 sti,
1538 551 1541 559 ’
1676 648 1682 657 ,

97 725 100 807 ³
227 680 1439 873 ttltllsttllst‘tltltlsszllltl{tristitiis
1664 717 1666 726 '

97 870 99 959 ’ζ
226 876 290 951 sus
312 878 437 952 setius:
463 900 506 953 ac
524 878 561 949 T
563 876 730 949 urnhouti
746 870 873 973 Mafius
899 868 1139 948 Pensronarius
1164 875 1238 971 (3)
1261 880 1368 973 longa
1383 902 1435 954 at·

98 977 99 994 ³
131 990 137 1003 ·
223 996 302 1067 que
317 976 393 1047 acri
412 975 572 1047 oratione
592 973 628 1043 in
649 972 687 1043 id
707 968 862 1043 mvettus
877 970 956 1045 est..
986 966 1124 1044 Invidia
1144 993 1258 1045 autem
1273 978 1434 1051 omnisin
1500 1058 1508 1066 ,

98 1085 99 1090 ’
201 1089 287 1141 ¹tue
316 1072 481 1143 vertitur.
530 1068 566 1140 Si
591 1068 674 1161 quid
712 1064 898 1161 displicet,
926 1063 1053 1161 jubeor
1081 1067 1227 1142 reddere
1252 1070 1432 1158 rationem.

98 1167 99 1173 ’
222 1162 351 1253 Quod
371 1162 453 1237 saud
477 1182 573 1238 tanto
592 1164 725 1261 aequius
739 1158 911 1246 sustineo,
937 1161 1034 1257 quod
1059 1163 1149 1235 nihil
1168 1166 1204 1237 in
1222 1165 1294 1237 hoc
1318 1167 1433 1241 edisti)

222 1262 396 1351 additum
411 1259 473 1347 fit,
497 1258 557 1331 nisr
572 1280 652 1333 cum
677 1254 828 1333 Consilii
853 1258 1121 1342 deliberatione,
1147 1258 1185 1333 δι
1211 1258 1358 1333 Caesaris
1374 1286 1434 1337 au-

220 1357 415 1430 thoritate.
466 1354 648 1451 Multaque
664 1374 705 1428 ut
729 1355 883 1428 meminit
898 1350 1188 1427 Reverendissrma
1205 1352 1255 1426 l).
1265 1352 1311 1428 V.
1338 1381 1433 1435 ame
1551 1359 1554 1365 ’

221 1454 309 1523 ruiti
339 1474 395 1524 ata
411 1448 505 1525 sunt:
534 1472 574 1527 ac
600 1450 763 1522 nonnulla
778 1447 980 1543 cupivillem
1003 1447 1077 1543 ipse
1099 1448 1215 1525 Caesar
1231 1451 1431 1529 moderatur

220 1544 282 1619 fui
315 1568 373 1621 et:
395 1546 453 1620 sed
472 1547 510 1619 id
528 1544 727 1643 persuaderi
748 1544 921 1641 Majestati
948 1542 1019 1617 suae
1047 1546 1217 1641 nequivit.
1266 1547 1432 1641 Querun-

222 1663 289 1717 tur
311 1662 427 1717 autem
443 1644 622 1737 inprimis,
645 1664 666 1716 a
687 1640 787 1715 nobis
806 1661 932 1713 novam
956 1637 1135 1715 indusium
1150 1642 1429 1737 inquisitionem,

222 1762 343 1837 quam
357 1761 489 1813 vocant
503 1728 740 1835 Hispanicum.
790 1734 901 1825 Quod
918 1734 1007 1811 salso
1024 1740 1160 1834 populo
1187 1740 1429 1835 aquibusdam

221 1836 483 1931 persuadetur,
507 1854 547 1909 ut
559 1834 699 1907 nomine
715 1830 792 1928 ipso
806 1854 879 1905 rem
895 1831 1047 1915 odiosam
1061 1835 1316 1920 reddant,cstm
1332 1840 1429 1913 nulla

223 1934 300 2005 alia
327 1932 372 2003 ab
390 1928 525 2005 Caesare
556 1930 597 2003 stt
622 1926 779 2002 instituta
807 1927 1003 2023 inquisitio,
1028 1951 1131 2023 quam
1158 1953 1217 2016 ea,
1241 1956 1323 2027 quae
1347 1955 1429 2006 curn

98 2086 99 2089 ,
221 2028 312 2123 jure
341 2024 473 2120 scripto
506 2026 635 2105 scilicet
658 2022 862 2108 Canonico,
895 2027 1081 2113 convenit,
1117 2025 1300 2101 &usitata
1326 2051 1430 2103 antea

223 2122 302 2197 suit
318 2124 354 2195 in
372 2122 440 2194 huc
453 2118 654 2209 Provincia,
674 2119 775 2217 juxta
797 2118 887 2193 sedis
905 2121 1118 2215 Apostolicae
1134 2120 1255 2196 Bullas
1277 2127 1315 2199 δι
1333 2148 1429 2199 com-

222 2217 415 2293 misstones.
440 2216 488 2291 Et
503 2240 545 2292 ne
562 2239 602 2292 ea
644 2216 788 2292 otestate
806 2214 1047 2312 inquisitores,
1065 2217 1165 2292 aliter
1181 2219 1286 2315 quitur
1300 2242 1430 2293 conve·
1460 2278 1467 2292 ,

98 2324 99 2329 ’
224 2317 305 2400 nit,
331 2316 384 2388 uti
402 2312 560 2410 possent,
582 2315 618 2385 in
691 2309 762 2387 ctio
779 2308 861 2409 ipsis
883 2312 926 2385 ab
954 2310 1090 2385 Caesare
1119 2313 1199 2387 data
1224 2316 1283 2389 est.
1336 2316 1461 2410 Quae-

227 2407 412 2505 &ipsein
429 2412 593 2485 invidiam
612 2412 780 2495 trahitur,
805 2406 896 2503 quast
913 2432 953 2481 ea
979 2406 1110 2483 scilicet
1132 2400 1361 2503 Hispanicum
1375 2415 1427 2484 vi·
1478 2489 1485 2503 ‚

140 2529 143 2535 ’
225 2528 292 2580 rus
323 2504 386 2599 (ut
402 2508 563 2579 nonnulli
577 2507 788 2600 loquuntur)
813 2505 1002 2577 contineat.
1051 2502 1158 2580 Unde
1182 2505 1309 2595 Mufiur
1331 2509 1428 2580 illam

98 2631 99 2653 ³
225 2624 378 2697 quoque
398 2602 570 2695 publicari
586 2599 814 2683 desideravit,
839 2622 909 2693 quo
932 2599 1048 2693 panim
1076 2599 1154 2675 sciti
1179 2602 1301 2696 possit,
1327 2602 1428 2698 quid·

98 2706 99 2731 *
225 2720 313 2773 nam
333 2698 463 2791 cuique
482 2696 525 2768 ab
543 2694 800 2789 inquisitoribus
824 2690 865 2769 sit
888 2696 1124 2770 metuendum.
1176 2694 1288 2786 Quod
1312 2718 1428 2771 tamen

223 2794 382 2888 Reginae
406 2793 594 2867 convenire
609 2814 680 2865 non
696 2789 746 2865 est
763 2788 894 2881 visunt,
920 2792 1095 2865 arbitratae
1109 2791 1278 2879 sufficere,
1303 2792 1328 2866 fi
1352 2800 1429 2891 ejus

107 2970 111 2978 ,
226 2893 337 2983 copia
361 2886 522 2962 confiuit
547 2885 672 2974 fieret,
697 2886 741 2959 ad
765 2908 846 2983 quae
868 2892 1025 2981 exempla
1045 2894 1115 2983 jam
1139 2892 1285 3059 pridem
1317 2892 1426 2965 trans·

223 2984 325 3058 missa
356 2984 444 3058 sunt.
494 2983 602 3057 Aliud
628 3004 768 3081 quoque
797 3004 905 3076 caput
927 2983 1031 3063 editu
1056 2987 1137 3059 vald
1193 3008 1425 3087 exaggerant,

221 3104 303 3177 quo
320 3078 552 3175 prohibentur
573 3080 609 3151 in
628 3081 694 3152 nac
710 3080 897 3153 Provincia
913 3078 1060 3155 refidere
1082 3106 1124 3156 ac
1138 3084 1424 3157 habitarehomi-

220 3184 287 3252 n'es
304 3179 441 3273 ignoti,
462 3174 527 3249 nist
547 3173 708 3269 adferant
733 3174 982 3249 documentum
1008 3178 1134 3272 prioris
1162 3181 1247 3251 vitae
1273 3200 1314 3252 ac
1339 3200 1426 3257 cun·

98 3268 99 3279 ’
220 3270 442 3347 versationis.
491 3270 652 3345 Clamant
664 3272 702 3343 id
721 3272 847 3343 exteris
864 3269 931 3343 elle
953 3271 1201 3366 gravissimum:
1225 3270 1265 3358 ἃ
1289 3274 1429 3367 pleros--

195 3398 207 3409 ·
222 3391 297 3463 que
315 3372 486 3465 originem
509 3364 637 3443 ducere
664 3390 709 3442 ex
725 3367 814 3441 locis
828 3362 989 3455 insesiis:
1011 3389 1102 3464 quos
1119 3387 1235 3446 umen
1252 3367 1419 3447 hactenus

322 3516 327 3519 -
1348 3490 1422 3542 non

98 3696 99 3763 J
269 3668 334 3823 (ἐι)
354 3666 475 3753 Mufius
487 3670 707 3757 penfionort'us]
728 3671 898 3759 Iacobus,
917 3670 1037 3769 Antue
1080 3669 1194 3770 ienfis,
1214 3670 1302 3770 ilius
1316 3676 1419 3761 Jona-

221 3762 272 3822 nt’s
352 3750 558 3823 Gommort'nae
576 3754 648 3823 Van
662 3757 759 3823 Mersa
797 3757 914 3823 multis
934 3774 1032 3823 aunis
1067 3770 1118 3823 uit
1136 3773 1318 3840 prunarius
1339 3759 1417 3847 syn-

223 3840 352 3918 dicuS,
372 3838 441 3905 five
463 3836 669 3905 consiliarius
689 3802 940 3923 personamus,
961 3854 1002 3907 ut
1026 3839 1225 3925 loquimur,
1253 3840 1422 3915 Civitatis
1536 3911 1538 3914 .

223 3920 505 4007 Antverpiensss,
528 3922 586 4003 qui
597 3924 738 3989 nomine
754 3922 929 4002 Ordinurn
940 3926 1077 4027 longam
1089 3924 1327 4009 prolixamque
1339 3948 1419 3998 ora·
1679 3932 1683 3940 '

98 4056 99 4061 ,
223 4007 356 4074 tionem
376 4004 495 4071 habuit
517 4004 560 4071 ad
582 4002 753 4073 Caesarem
768 4004 910 4072 Catulum
924 4008 967 4075 V.
990 4025 1071 4074 curn
1092 4024 1182 4095 anuo
1200 4025 1293 4091 1555.
1311 4030 1420 4099 regna

98 4108 99 4111 ¹
222 4089 282 4157 sua
300 4089 416 4157 omnia
438 4087 642 4157 transferret
663 4090 698 4155 in
719 4088 891 4177 Philippum
914 4090 1021 4155 filium
1033 4117 1045 4172 3
1063 4090 1162 4174 cujus
1181 4090 1342 4161 summam
1362 4118 1419 4167 re·
1506 4092 1511 4098 ’

98 4252 99 4259 ¹
223 4171 293 4240 fert
315 4170 404 4239 Pone.
423 4168 522 4240 Heus.
543 4174 608 4240 rer:
625 4170 731 4256 Auflr.
752 4172 802 4239 lib.
826 4192 876 4254 14.
894 4190 957 4257 cap.
980 4190 1014 4241 a.
1053 4172 1122 4241 Aa.
1144 4179 1237 4257 1556.
1253 4192 1419 4265 receptur

98 4296 99 4303 κ
198 4256 275 4321 'est
294 4252 429 4323 senator
456 4256 492 4323 in
524 4254 683 4341 supremo
707 4256 902 4323 Brabantiae
935 4254 1099 4325 Consilio.
1139 4256 1196 4324 De
1226 4261 1298 4348 eJus
1325 4283 1417 4353 prae-

98 4408 99 4417 ¹
161 4376 162 4381 =
222 4338 315 4451 clara
334 4338 434 4425 prole
455 4340 528 4413 uixi
546 4338 592 4411 ad
609 4338 704 4428 Eptfl.
723 4338 871 4527 XCXVH.
898 4338 991 4428 Viglt't'
1011 4340 1054 4411 od
1071 4339 1208 4433 Hopper.

791 4462 886 4538 ‚x3
