3967 5167
101 838 103 853 ‚
177 796 213 845 ''n-

101 860 103 939 ἶ
231 872 363 951 bheom
386 872 809 958 statum,nonm1nimis
834 870 908 947 illic
925 870 1087 961 dissidiis,
1111 873 1307 970 Religionis
1330 872 1434 951 causa
1551 868 1573 935 s

303 492 521 605 ''nplsn‘
539 499 847 602 SELECTAE
873 502 940 599 An‘
967 501 1286 610 DIVERSOS
1351 530 1435 623 323

232 658 438 854 qubd'Nos
463 674 749 757 Monasterienfir
771 674 939 790 Ecdesiae
957 645 1311 775 administrationem,
1336 678 1434 781 Dei,
1535 717 1539 723 ·
1571 663 1582 671 ’

267 776 517 875 postolicaeque
535 774 639 851 Sedis
655 772 769 884 gratia
779 772 1006 871 susceplmus.
1053 776 1129 871 Jam
1148 797 1223 853 tum
1235 799 1353 857 autem
1368 800 1434 873 pu·

101 986 103 1017 l
228 970 367 1069 pridem
391 970 555 1058 obortis,
580 966 821 1065 perturbatum
847 969 1106 1065 comperimuse
1138 970 1296 1071 nihilque
1317 970 1434 1045 statim

204 1094 207 1102 ·
227 1068 351 1163 potius
369 1067 574 1177 habuimus:
600 1060 704 1163 quim
722 1082 762 1137 ut
782 1060 966 1160 gliscentes
983 1066 1059 1139 illic
1077 1062 1262 1144 seditiones
1279 1090 1433 1163 compo-

228 1182 413 1238 neremus:
437 1161 666 1259 intestinaque
683 1160 787 1249 odia,
812 1166 892 1257 quae
916 1162 1010 1235 intra
1032 1158 1308 1253 Monailerium,
1333 1165 1434 1239 Civi-

227 1280 339 1335 tatem
364 1258 642 1345 celeberrimam,
667 1278 772 1351 atque
798 1278 877 1331 ante
905 1255 1009 1331 facile
1034 1256 1302 1334 florentiffimatn
1323 1262 1435 1339 totiur¹
1483 1301 1485 1308 ·

101 1358 103 1379 ’
230 1353 476 1451 Vestphaliae,
508 1354 658 1429 excitata
683 1354 1018 1441 animadvertimus,
1050 1354 1327 1449 consopiremus:
1356 1379 1447 1433 mu·.

226 1470 399 1545 tuamque
428 1452 653 1527 concordiam
681 1450 774 1522 inter
801 1450 960 1542 clerum,
993 1450 1209 1527 nobilitatem
1224 1503 1245 1536 „
1271 1454 1310 1529 δι
1333 1454 1431 1527 cives

227 1544 497 1623 restitueremur.
547 1544 659 1637 Quod
675 1544 839 1655 equidem
856 1540 974 1621 Nobis
990 1551 1214 1645 quantumvis
1230 1546 1351 1623 seduld
1368 1572 1430 1624 co·

101 1654 103 1727 l
229 1644 416 1741 nantibus,
444 1668 486 1719 ea
502 1662 618 1717 tamen
637 1661 788 1716 maxrme
809 1640 854 1717 de
877 1641 999 1735 causa,
1019 1642 1188 1739 perlicere
1209 1642 1295 1721 nori
1307 1648 1429 1733 licuit,

228 1739 330 1837 anld
356 1741 483 1836 populi
507 1740 677 1851 vulgique
704 1736 749 1810 ad
773 1738 963 1813 tumultum
991 1740 1091 1813 nimis
1116 1739 1277 1838 propenfi
1303 1744 1428 1825 animi,

228 1834 393 1911 omnibus
410 1835 513 1911 restis
528 1832 720 1945 quiensque
748 1830 900 1909 consiliis
916 1834 1188 1927 reludlarentur,
1214 1855 1319 1933 atquje
1339 1841 1429 1917 aded

101 1954 103 2025 ς
222 1931 299 2028 jam
318 1932 457 2029 plebeia
476 1932 530 2006 vis
557 1947 787 2028 potentiaque
812 1926 1042 2023 increvisset,
1076 1953 1257 2031 utusque
1285 1932 1432 2011 consilio

101 2040 104 2129 ζ
227 2030 327 2123 regi,
353 2050 468 2123 neque
486 2028 635 2123 irnperio
650 2026 768 2127 nostro
786 2026 961 2123 compesci
974 2032 1142 2126 deinceps
1158 2030 1283 2127 posset
1309 2030 1429 2112 Deum

101 2132 102 2157 l
227 2128 364 2221 quippe
384 2121 473 2222 Opt
492 2122 793 2208 mantenano,
819 2122 907 2196 nihil
926 2147 991 2213 nos
1006 2128 1215 2200 intentatum
1234 2127 1430 2295 reliquistis,

227 2218 421 2315 omnesque
447 2220 584 2295 vias&
610 2220 763 2293 rationes
794 2240 961 2316 expertos
984 2217 1105 2308 mille,
1130 2244 1204 2316 quo
1221 2246 1297 2332 prae
1312 2242 1429 2297 eutem

101 2316 103 2387 i
228 2319 322 2428 hanc
340 2316 533 2429 dirissimam
550 2336 1005 2425 aerumnamaverteremus.
1055 2318 1431 2414 Quinimoahqoando

101 2436 104 2489 t
227 2432 369 2523 iniquas
393 2416 615 2489 condttmnes
634 2409 852 2523 subivimus,
876 2435 949 2509 quo
972 2412 1119 2508 publico
1136 2437 1197 2525 eos
1212 2409 1344 2491 foedere
1367 2416 1430 2491 ob-

227 2506 1344 2683 iiigeiiiiimisissilii”iiisiaiiisi‘ashi
1357 2535 1431 2681 lit

101 2768 103 2795 ἕ
227 2628 518 2811 fandapdogrnats
542 2701 708 2797 paulatim
736 2626 1039 2810 suppulpslascere,
1064 2628 1311 2802 vpeteribusque
1329 2706 1427 2781 erro<

101 2824 103 2899 3
226 2796 329 2871 ribus
349 2816 441 2908 novt·
457 2794 671 2907 accrescere,
696 2816 839 2906 omnia,
861 2798 1097 2907 prohdolor,
1120 2802 1272 2877 humana
1293 2801 1429 2880 divina-

219 2915 301 3004 que·
324 2891 404 2989 jura
430 2891 771 3059 improbissimorums
786 2890 1127 3063 impriffimorqmme
1149 2898 1332 3069 hominoqr
1356 2902 1430 2977 col·

101 3058 102 3099 ²
225 2988 1429 3187 lilii’anihrhlhihllsdhhltmilitiadis

225 3182 407 3277 baptizare
432 3181 500 3255 sub·
527 3183 608 3255 anni
633 3201 689 3273 34
714 3178 817 3275 supra
843 3180 1061 3257 millesimum
1093 3185 1427 3281 quingentesimum,

223 3278 396 3351 initium:
427 3274 692 3371 innumerosque
722 3274 868 3350 subinde
901 3278 1082 3374 protulere
1104 3303 1239 3369 errores
1272 3278 1437 3381 sacrilegi.

101 3408 103 3447 r
225 3373 333 3467 hujus
363 3370 466 3447 seslae
493 3374 691 3459 authores,
734 3372 861 3475 quibus
890 3374 1129 3469 rebaptizatos
1156 3373 1427 3475 obstringerent.

101 3516 114 3549 .-
224 3468 318 3543 Non
329 3492 401 3551 ,eos
417 3468 680 3554 tantummodo,
704 3492 793 3563 quos
811 3471 929 3543 caeteri
947 3468 1184 3567 Anabaptiilae
1200 3472 1273 3569 jam
1291 3474 1426 3550 dudum

101 3686 103 3711 ¹
225 3658 386 3773 aliosque
406 3658 555 3755 ejusdem

224 3565 328 3639 suere
353 3568 568 3642 commenti:
601 3565 765 3641 videlicet
789 3564 833 3638 de
859 3568 1155 3655 communicandis
1178 3567 1426 3661 facultatibus,
1559 3631 1564 3649 ,

626 3665 741 3753 neris,
773 3662 846 3763 jam
870 3684 976 3759 antea
1000 3666 1154 3761 piorum*
1169 3664 1439 3765 domorumque.
1529 3714 1534 3721 ·

101 3758 103 3821 l
224 3756 368 3853 scriptis
397 3757 556 3852 proditos
579 3681 623 3831 ἲ
642 3758 843 3835 constitutos
864 3780 875 3833 t
897 3759 1028 3855 verbm·
1047 3784 1158 3852 novas
1174 3764 1423 3862 inauditusque

101 3872 103 3943 l
224 3854 474 3951 excogitavere
506 3850 685 3928 haereses:
720 3854 852 3931 scilicet
883 3876 925 3930 ut
948 3852 1170 3953 Religionem
1194 3859 1427 3937 Christianam

101 3998 102 4007 2
226 3966 339 4026 totam
362 3948 467 4023 semel
489 3950 700 4037 obruerent,
732 3952 770 4028 &
805 3948 1079 4042 confunderem,
1121 3956 1221 4029 Nam
1242 3956 1422 4053 peccanti·

226 4048 294 4125 bus
316 4044 558 4145 paenitentiam
582 4048 751 4124 concedi:
784 4046 897 4148 ip'sum
929 4053 1035 4126 etiam
1059 4051 1340 4151 Redemptorem
1359 4080 1423 4133 no‹

184 4190 188 4209 ,
226 4144 334 4219 strum
350 4144 526 4219 Christum
546 4166 592 4218 ex
617 4140 714 4221 Diva
735 4142 882 4245 Virgine
905 4150 1091 4224 carnaliter
1108 4165 1249 4241 natum,
1272 4150 1424 4229 inficiari

101 4302 103 4331 ;
222 4240 307 4315 sunt
329 4238 410 4321 aufi.
459 4240 705 4339 Exstitereque
735 4244 828 4317 inter
851 4264 912 4317 eos
930 4247 1030 4327 novi·
1043 4246 1185 4342 quidam
1206 4245 1283 4336 Pro
1310 4253 1423 4339 hetae,

120 4416 124 4423 ,
225 4358 311 4413 cum
337 4334 419 4413 Deo
446 4335 509 4418 sibi
530 4336 662 4417 secreta
686 4336 859 4441 fingentes
886 4341 1083 4440 colloquia,
1106 4368 1152 4423 va
1179 4348 1185 4361 '
1259 4350 1354 4442 ‘que
1367 4341 1426 4417 re·'

781 4429 907 4519 .Ssa
982 4518 987 4530 Χ
1318 4439 1421 4537 spon·
