3967 5167
550 511 635 627 246
663 500 908 610 vtotrr
935 526 1003 597 m
1032 500 1297 601 Arrrn
1323 494 1699 600 zurcuuttr

551 685 657 759 livori
691 682 900 780 postponit,
925 702 1108 777 unumque
1138 680 1366 775 malogratum
1391 674 1628 775 discipulum,
1654 698 1764 757 tantm

553 780 768 854 multitudini
794 780 1087 864 coadorandum,
1119 776 1341 872 expectatum
1370 776 1654 851 lucubrationum
1688 796 1764 855 tua·

544 898 630 948 rum
650 872 799 949 frustum
819 877 1030 971 intercipere
1054 871 1160 946 linis?
1186 869 1278 946 Tam
1293 876 1404 947 multa
1420 898 1441 947 a
1460 893 1497 948 te
1525 892 1627 949 antea
1642 877 1679 947 in
1695 898 1763 971 pu·

480 1048 485 1054 ,
551 974 684 1066 plicum
710 974 805 1045 edita
839 970 946 1059 sunt,
985 994 1051 1045 nec
1081 992 1150 1065 ego
1185 990 1304 1045 tamen
1337 972 1567 1045 animadverti
1602 990 1762 1066 unquam

552 1066 791 1143 inexhaustum
831 1071 929 1142 illurn
959 1069 1163 1141 eruditionis
1189 1089 1262 1141 tuae
1289 1062 1425 1141 fontem
1449 1067 1669 1154 inarescere,
1700 1058 1763 1144 sed

580 1190 626 1240 uo
650 1168 751 1263 plura
780 1166 861 1240 inde
883 1167 1129 1261 depromeres,
1154 1187 1200 1237 co
1224 1165 1311 1239 mihi
1338 1163 1527 1259 benignius
1552 1160 1763 1261 uberiusque

552 1189 664 1337 fluere
679 1260 814 1359 semper
838 1259 930 1335 visus
947 1258 1026 1335 fuit.
1076 1260 1138 1335 Tu
1162 1262 1280 1356 itaque
1305 1262 1380 1337 noli
1408 1262 1615 1355 experiare,
1647 1282 1690 1335 ut
1712 1264 1761 1339 ad

553 1359 630 1435 suas
659 1357 848 1455 aliquando
873 1356 1039 1433 cisternae
1066 1382 1087 1432 a
1111 1378 1275 1433 nantuac
1299 1358 1360 1432 alii
1387 1356 1583 1445 deducant,
1712 1384 1759 1437 ue

555 1478 596 1533 tu
613 1480 681 1553 pro
715 1456 783 1531 tuis
811 1451 959 1528 ailervas
982 1453 1047 1527 fibi
1071 1380 1260 1551 ubrpent,
1319 1477 1432 1550 roquc
1458 1457 1501 1531 iit
1526 1458 1563 1531 vi
1587 1456 1595 1471 '
1622 1480 1671 1531 tm
1692 1458 1760 1531 tibi

553 1554 669 1627 nescio
685 1574 769 1648 quas
792 1552 876 1625 alias
893 1572 1004 1647 nugas
1020 1548 1215 1627 affcribant.
1297 1571 1361 1625 uto
1385 1550 1476 1625 enim
1504 1573 1538 1627 te
1562 1573 1636 1627 non
1659 1554 1761 1649 igno·

552 1672 629 1723 rare
651 1651 736 1743 quid
761 1648 819 1720 hic
835 1646 1014 1744 superiore
1039 1672 1131 1721 anno
1148 1648 1259 1721 libelli
1277 1644 1336 1721 sub
1356 1666 1420 1723 tuo
1438 1650 1577 1725 nornine
1611 1652 1760 1739 exierit,
1886 1715 1890 1732 .

554 1750 626 1839 ejus
645 1746 773 1818 author
792 1764 870 1817 tuus
904 1746 987 1817 olim
1016 1744 1082 1856 luit
1098 1744 1324 1855 ‘Biturigibus
1346 1743 1432 1818 disci
1460 1747 1560 1828 ulus.
1587 1750 1649 1841 qui
1672 1749 1760 1826 mihi

552 1838 666 1963 lancie
687 1838 857 1914 confeffus
878 1838 947 1928 est,
972 1838 1007 1913 se
1024 1838 1132 1915 rnscro
1149 1843 1280 1953 edrtum
1293 1842 1391 1913 illum
1407 1768 1484 1915 ebe.
1504 1840 1679 2012 Igornen
1696 1869 1759 1919 ve·

552 1936 1492 2144 illlislllslssllplltl‘nlllnllgillrl
1507 1942 1759 2115 lulli

555 2132 593 2207 &
608 2126 768 2203 indottus
796 2128 956 2205 lubenter
980 2128 1042 2203 fibi
1069 2132 1113 2203 ab
1133 2129 1285 2225 quodam
1305 2129 1377 2226 ejus
1411 2132 1493 2203 librr
1509 2129 1589 2207 fure
1667 2134 1757 2209 rsua·

553 2226 628 2301 deri
639 2224 752 2324 pallus
768 2226 837 2307 est,
860 2244 960 2301 tuum
978 2225 1044 2301 elle
1055 2250 1158 2323 opus.
1207 2224 1308 2301 Huic
1321 2226 1407 2301 verb
1423 2229 1555 2315 errori,
1579 2252 1599 2302 e
1628 2254 1642 2302 r
1660 2234 1758 2328 apud

421 2398 423 2403 ,
554 2321 677 2397 doctos
701 2322 789 2396 nihil
818 2344 908 2418 opus
938 2322 1004 2411 est,
1038 2324 1109 2395 hoc
1145 2323 1262 2395 tamen
1299 2324 1407 2397 modo
1435 2324 1568 2419 optim&
1592 2349 1759 2403 occurre-

552 2418 668 2505 ris,sr
696 2440 793 2495 tuum
825 2420 966 2493 tandem
998 2418 1142 2515 aliquod
1169 2442 1260 2514 opus
1293 2418 1438 2515 prodire
1472 2422 1644 2517 patiaris,
1677 2420 1752 2498 five
1851 2448 1855 2456 ·

549 2516 784 2613 ‚Parergorum
810 2512 881 2589 five
896 2516 940 2591 de
963 2518 1049 2589 vob.
1075 2515 1165 2610 oblig.
1190 2538 1225 2589 tn
1245 2516 1343 2613 cujus
1367 2516 1572 2613 praefatione
1597 2543 1673 2593 eam
1694 2519 1756 2595 de·
1797 2528 1805 2536 '

553 2612 677 2689 testdre
710 2611 981 2709 improbitatem.
1031 2612 1156 2685 Minus
1188 2634 1302 2685 autem
1336 2632 1510 2710 putavero
1541 2614 1578 2685 in
1611 2616 1758 2711 publica

552 2730 737 2806 peccatum
758 2706 823 2780 eise
849 2708 1052 2794 commoda,
1079 2705 1185 2781 stsub
1201 2708 1274 2781 falfi
1290 2708 1328 2785 &
1355 2732 1426 2784 non
1464 2710 1658 2785 boni-libri
1682 2714 1756 2789 edi·

552 2806 648 2877 tione
665 2806 854 2901 genuinum
871 2804 907 2877 &
926 2802 1057 2901 infigne
1080 2806 1223 2900 aliquod
1243 2827 1332 2903 opus
1360 2806 1421 2881 abs
1438 2828 1474 2883 te
1491 2830 1754 2904 extorqueatur.

424 2958 428 2965 .
551 2898 654 2974 Deus
674 2924 708 2975 te
724 2901 824 2973 nobis
847 2898 1069 2995 studiofisque
1096 2903 1257 2977 omnibus
1283 2902 1344 2978 diu
1366 2925 1503 2979 tueatur
1530 2905 1756 2981 incolumem.

552 2994 668 3095 Spirae
692 3018 749 3091 23.
775 2996 923 3094 Augusti
950 3016 1055 3092 1537.
1083 2997 1168 3092 (2).

371 3168 515 3249 neruo·
756 3126 1265 3264 uprsroun
1322 3168 1544 3264 xcix.

370 3252 405 3311 iit
424 3252 515 3311 Cicro-

371 3330 493 3389 mn
625 3343 1098 3438 nnununs
1155 3345 1676 3443 Arcturus

372 3424 462 3467 mim
475 3426 499 3466 θ·

372 3484 512 3623 illl
664 3519 1634 3617 vrotrozurcrrunto

331 3622 348 3651 x
372 3640 445 3701 bento
465 3661 511 3703 ort.

374 3722 462 3791 1⁶⁶³·
483 3733 512 3797 r·
551 3693 671 3791 Dicit
690 3694 741 3815 se
762 3696 1027 3786 tumultuarie
1068 3696 1245 3804 cribare,
1271 3728 1320 3788 nc
1338 3698 1527 3817 Paroga
1540 3698 1623 3815 sua
1640 3702 1753 3817 prelo
1888 3689 1889 3770 Ψ

372 3812 503 3972 ⁵²1⁵S37·
577 3810 1008 3921 darnDcalienofetu
1041 3840 1090 3897 uo
1094 3810 1173 3927 sub
1182 3820 1337 3902 nomine
1345 3812 1507 3932 uulgato
1521 3824 1726 3931 queritur.

633 3982 830 4079 Epentinus
855 3978 999 4057 Falconis
1028 3980 1158 4074 sitefii,
1190 3987 1341 4080 quibas
1368 3990 1484 4063 literar
1515 3990 1580 4066 tibi
1605 3992 1752 4080 reddet,
1888 4013 1889 4028 ³

660 4080 819 4155 disceilus
837 4076 976 4167 effecit,
1001 4100 1040 4155 ut
1051 4082 1279 4159 tumultuarie
1297 4086 1342 4161 ad
1352 4106 1386 4162 te
1400 4084 1571 4179 scribam,
1590 4088 1751 4184 jocandi·

1679 4206 1750 4281 qne

592 4293 658 4381 (a)
678 4294 768 4373 Herc
785 4292 931 4379 epistole
945 4295 1133 4380 respondet
1148 4284 1266 4365 Anne
1282 4300 1391 4397 literis
1416 4301 1460 4367 ad
1483 4299 1643 4386 Vm,
1662 4303 1752 4373 datis

550 4380 595 4450 V.
613 4380 688 4449 Kal.
708 4378 872 4448 Februar.
895 4382 989 4464 1536.
1008 4397 1085 4465 quae
1112 4380 1185 4469 sup.
1204 4382 1253 4453 est
1271 4384 1395 4455 ordine
1415 4384 1524 4455 blm
