3967 5167
109 151 217 319 Γ,

289 490 492 587 uersu·
520 484 827 582 autema
856 511 922 578 n>
950 485 1281 584 orvnusos.
1315 514 1399 607 157

110 741 116 750 .
205 686 314 762 retis:
338 707 378 758 ac
401 685 538 756 tandem
564 679 658 758 forte
684 679 819 754 mentio
838 678 1015 756 incidisset
1029 682 1111 754 artis
1140 679 1398 777 Typograpbi·

208 775 289 867 c'ae,
303 777 481 852 occasione
508 800 590 850 nata
610 779 654 850 ab
677 779 866 870 exemplari
894 778 1213 850 commentariorum
1236 801 1391 850 meorum

110 942 111 945 ,
203 879 240 950 in
255 879 386 970 aliquot
407 875 665 946 institutionum
690 872 873 968 Justinioni
898 875 1052 956 titulos,
1068 895 1155 964 quos
1177 875 1212 943 in
1240 897 1319 946 meo
1344 893 1389 945 ex

110 1048 111 1054 ,
204 969 299 1044 ltalia
325 970 439 1044 reditu
458 969 600 1042 Rafileae
620 968 819 1040 Frobcnianoe
846 966 996 1040 officinae
1013 969 1260 1060 imprimendos
1284 969 1390 1042 tradi·

201 1068 341 1152 denam,
365 1068 501 1162 tibique
516 1069 615 1155 velut
633 1066 767 1137 militiae
782 1085 869 1134 meae
885 1061 1042 1135 tesseram
1060 1063 1155 1134 dono
1174 1063 1389 1150 obtuleram,

202 1185 270 1236 non
291 1161 378 1234 satis
398 1183 483 1234 tunc
502 1161 569 1232 tibi·
593 1158 707 1233 lacere
733 1162 833 1254 potui
861 1158 1076 1326 exponendo
1093 1182 1132 1231 ea
1156 1165 1238 1252 ‘qum
1260 1159 1391 1258 ibidem

202 1257 453 1345 observatam,
489 1254 552 1328 nist
584 1256 706 1328 eadem
734 1278 879 1350 quoque
916 1257 1034 1348 cripto
1059 1277 1114 1328 me
1140 1256 1392 1348 explicaturum

198 1355 402 1448 reciperem.
452 1349 501 1423 Et
518 1371 726 1446 quanquam·
743 1373 813 1422 non
834 1374 877 1423 ea
892 1373 977 1424 cura
998 1347 1126 1443 lingula
1146 1369 1325 1434 notatam,
1351 1370 1393 1424 ut

110 1507 111 1517 ,
185 1447 244 1522 de
267 1445 352 1544 ipsis
371 1445 503 1542 aliquid
514 1448 650 1520 litteris
666 1464 721 1518 me
737 1443 834 1540 posse
854 1445 991 1518 tradere
1002 1446 1210 1521 confiderem
1229 1443 1387 1555 squippo

197 1545 265 1715 gui
282 1542 417 1628 obiter,
443 1543 481 1616 δι
496 1538 590 1635 quast
610 1563 675 1634 per
697 1540 914 1613 transennam
938 1544 1116 1616 dumtaxat
1131 1556 1207 1638 quae
1227 1563 1262 1614 ιιι
1279 1563 1320 1614 ea
1336 1539 1390 1614 os-

175 1707 180 1714 .
228 1640 309 1711 cina
326 1639 535 1733 gerebantur
558 1633 829 1732 conspexeram)
855 1636 999 1711 extorlit
1021 1657 1138 1711 tamen
1164 1639 1234 1711 hoc
1252 1637 1296 1710 ab
1313 1660 1390 1710 mea

200 1733 412 1808 verecundia
435 1731 744 1818 tua'authotitas,
772 1729 860 1804 dum.
880 1731 966 1806 nibil
995 1735 1062 1806 tibi
1093 1736 1262 1827 denegare
1288 1729 1388 1808 ausus

198 1825 269 1913 fui,
294 1851 336 1905 ut
358 1830 502 1924 utplus
522 1825 768 1923 promiserim,
800 1828 906 1923 qulam
934 1827 1131 1924 praestando
1152 1827 1390 1924 solvendoque

199 1923 314 2000 effem.
364 1919 416 1997 Et
436 1923 596 1996 lubenter
610 1921 751 2018 quidem
773 1920 908 1997 silentio
926 1927 1016 1998 hanc
1034 1925 1282 2021 obligationem
1303 1925 1389 1998 dilst-

198 2017 402 2103 munirem,
426 2017 490 2092 nili
508 2041 570 2094 tua
587 2041 663 2090 tam
678 2017 799 2091 crebra
818 2021 1028 2113 appellatio,
1053 2045 1109 2094 rue
1130 2023 1273 2096 tandem
1298 2024 1391 2095 cala·¹

198 2139 297 2190 mum
315 2117 354 2190 in
377 2101 519 2188 maurim
534 2112 699 2188 assumere
721 2113 958 2208 compulisset:⁴
978 2115 1084 2190 sidem
1109 2120 1249 2212 quidem
1270 2119 1393 2190 luben·

198 2231 254 2287 ter
276 2211 325 2286 im
352 2212 504 2296 letomr,
538 2230 710 2308 quatenos
733 2211 900 2305 videlicet
922 2211 1052 2285 semea
1078 2213 1233 2286 extendit
1260 2235 1393 2285 memo·

199 2309 268 2382 ria?
368 2331 441 2403 quo
465 2305 495 2380 li
516 2309 606 2403 quid
625 2303 851 2390 desiderabis,
876 2307 940 2380 tibi
961 2309 1114 2402 imputa,
1140 2311 1307 2402 quiante
1325 2329 1392 2402 po·

198 2404 293 2488 tius,
315 2403 424 2497 qobm
444 2427 466 2476 a
486 2403 709 2498 peritioribus
730 2399 802 2494 ista,
814 2401 1024 2494 cognoscere
1043 2405 1207 2474 voluerit.
1257 2403 1398 2496 Sequar·

200 2522 327 2595 autem
337 2501 497 2570 ordinem
512 2521 617 2591 quem
630 2517 715 2568 tunc
734 2497 893 2569 tenebam
912 2495 1128 2592 singulosque
1146 2495 1293 2572 officina
1313 2499 1397 2592 Ty·

200 2594 435 2690 pogtaphicae
458 2592 630 2664 ministros
643 2593 764 2686 paucis
789 2591 985 2664 recensebo.

211 2724 215 2731 ·
246 2689 415 2782 Inprimis
432 2688 465 2758 ei
476 2687 601 2782 praeest
616 2689 644 2759 is
662 2709 765 2781 quem
779 2687 815 2759 T
816 2687 1062 2784 ypograpbum
1075 2690 1309 2772 nominamur,
1328 2691 1390 2785 qui

198 2779 247 2859 stc
263 2807 363 2857 nunc
379 2782 520 2856 anobis
538 2804 701 2865 vocatur,
726 2806 797 2855 non
813 2787 908 2877 quod
925 2781 999 2878 ipse
1020 2788 1148 2878 aliquid
1170 2809 1285 2864 carum
1305 2811 1391 2880 ope-

198 2900 317 2967 rarum
333 2881 371 2964 io
388 2878 636 2969 celebrioribus
656 2877 800 2950 officinis
820 2878 926 2952 soleat
943 2879 1054 2956 subire
1080 2879 1187 2974 (unde
1240 2883 1391 2976 rincipid

199 2999 329 3050 nomen
346 2973 564 3069 desumptum
584 2975 633 3047 est
640 2972 659 3064 ),
670 2972 730 3046 sed
744 2979 840 3068 quod
857 2975 1005 3048 officinae
1027 2977 1193 3071 Magister
1208 2907 1272 3062 sit,
1303 2977 1394 3080 sum·

194 3069 350 3168 ptusque
366 3067 614 3158 subministret,
638 3071 838 3165 caeterisque
853 3073 1026 3165 operariis
1036 3073 1233 3146 omnibusa
1249 3074 1283 3149 se
1304 3097 1395 3148 con·
1501 3079 1505 3090 '

196 3165 312 3241 dusiis
328 3168 521 3240 mercedem
544 3169 700 3250 exolvat,
727 3166 842 3260 eisque
860 3165 1129 3260 superintendat.
1147 3207 1148 3210 ι
1177 3167 1273 3240 Nam
1292 3164 1400 3263 liujus

195 3265 422 3358 praecipuum
440 3262 487 3334 est
505 3259 676 3344 studium,
700 3283 740 3334 ut
763 3264 871 3335 libros
900 3267 1013 3356 praelo
1037 3267 1166 3356 dignos
1186 3261 1395 3356 venalesque

197 3361 407 3454 conquirat,
418 3377 522 3452 atque
536 3359 577 3427 in.
583 3357 624 3430 id
633 3355 820 3430 dobiorum
828 3358 1003 3444 virorum,
1014 3361 1073 3452 qui
1084 3355 1254 3450 ejusmodi·
1260 3357 1395 3454 aliquid

194 3454 422 3549 suppeditare
446 3457 479 3524 ei
502 3451 644 3544 poffint,
668 3457 815 3547 gratiam
831 3449 893 3524 libi
909 3474 1102 3546 comparet..
1130 3452 1179 3524 Et
1197 3475 1398 3550 quanquam

110 3586 111 3591 ,
195 3570 298 3623 nunc
317 3549 470 3642 primarii
494 3545 733 3643 Typographi
761 3549 852 3620 nibil·
870 3545 942 3620 sete
972 3569 1141 3642 ptaeterea
1163 3569 1284 3642 operte
1304 3571 1394 3645 prm·

195 3644 322 3728 stent,
353 3645 484 3737 primos
515 3662 630 3717 tamen
662 3644 736 3738 ejus
766 3645 850 3717 artis
875 3646 1102 3727 inventores,
1135 3667 1252 3718 omnes
1276 3666 1398 3738 partes
1430 3702 1432 3711 .

194 3737 335 3814 subiisse
360 3733 613 3832 explevisseque
636 3738 819 3811 verisimile
851 3740 909 3812 est.
958 3737 1092 3813 verum
1114 3764 1260 3834 operum
1287 3741 1398 3814 libro·

194 3859 346 3930 rumque
374 3832 682 3928 imprimendorum
702 3835 928 3926 magnitudo,
951 3837 1207 3929 multitudoque
1230 3833 1400 3932 deinceps

194 3928 335 4013 effecit,
363 3951 405 4002 ut
428 3927 551 4000 monia
564 3927 607 3999 ab
621 3949 692 4000 uuo
710 3930 907 4022 eodemque.
915 3932 1095 4026 principib
1110 3933 1302 4006 trasiataio
1316 3936 1400 4026 plu-

195 4049 252 4102 res
272 4029 400 4102 deinde
422 4022 675 4096 dividerentur.
885 4048 888 4054 ¹
913 4113 916 4118 Ι

223 4123 362 4218 ·1gitur
380 4119 459 4216 post
477 4117 590 4215 ipsum
605 4119 896 4216 Typographum
922 4121 1087 4212 proximo
1115 4123 1203 4197 Ioco·
1215 4121 1399 4220 ponebant

193 4240 312 4303 eum,
335 4221 394 4311 qui
418 4213 511 4310 ipsos
539 4217 738 4289 litterarum
765 4238 874 4311 typos
898 4213 1048 4312 effingit,
1069 4217 1273 4316 sculpitque.
1323 4222 1402 4294 Cu.-

179 4313 252 4410 jrrs
278 4331 412 4408 quauta.
431 4308 474 4387 lit
508 4307 746 4462 prestantiq,
776 4333 826 4486 cxxs
846 4335 894 4503 ἕο
917 4313 1101 4413 dijudicari
1121 4313 1226 4398 facile
1251 4313 1405 4506 pom
