3967 5167
111 158 221 487 r

111 626 113 633 l

111 652 113 661 i

288 430 297 441 „
328 503 523 609 anisi.
556 504 861 606 SELECTAE
893 532 958 601 in
986 508 1318 629 oivniisos.
1348 541 1428 607 201

111 694 113 783 J
186 732 190 741 ·
229 716 345 781 textus
377 728 418 779 ac
445 706 595 779 rationes
629 702 819 798 expendat.
867 701 962 775 Mihi
993 702 1157 799 profesio
1185 705 1273 777 nibil
1297 708 1430 800 poterit

111 804 113 873 ἶ
200 853 205 859 -
230 802 297 877 else
315 804 466 896 gratius,
491 796 639 895 qulmli
668 822 746 871 euin
762 796 937 893 sponteid
955 802 1073 872 conari
1087 800 1232 894 uidero,
1256 822 1337 873 nain
1352 824 1428 875 oni·

111 940 112 943 ¹
231 922 277 972 ue
291 897 441 971 discendi
461 896 634 969 fastidium
652 895 691 969 δι
716 894 906 967 molestiam
922 890 1084 967 discentia
1100 892 1214 967 aufert
1229 898 1424 991 cupiditas,

232 1014 410 1067 utcontra
440 990 704 1063 molestissimum
730 990 778 1061 est
801 1012 882 1060 enin
906 988 1057 1077 docere,
1081 992 1143 1085 qui
1177 994 1350 1085 rogandus
1377 992 1428 1065 est

222 1106 335 1184 atque
352 1090 640 1181 compellendus,
663 1108 702 1158 iit
716 1086 803 1157 velit
822 1082 971 1171 discere,
996 1084 1188 1179 praesertim
1204 1086 1228 1157 si
1246 1090 1282 1157 iii
1296 1110 1426 1159 eaaeta·

229 1204 266 1257 te
296 1184 503 1266 constitutus
539 1179 601 1269 fit,
635 1202 715 1275 quae
750 1181 795 1253 ab
825 1182 1056 1275 praeceptoris
1094 1204 1190 1255 metu
1218 1180 1329 1257 soluta
1364 1182 1426 1259 est.

230 1276 387 1351 Proinde
412 1301 482 1351 non
500 1276 564 1349 alia
583 1278 715 1347 ratione
730 1276 840 1371 magis
863 1274 921 1367 Jo.
949 1278 1099 1371 Georgius
1119 1275 1236 1350 noster
1253 1275 1426 1373 proficere

224 1376 387 1471 poterit,
413 1372 518 1467 quam
544 1370 568 1443 fi
598 1371 636 1443 id
660 1368 733 1463 ipse
759 1390 916 1443 conetur.
965 1368 1061 1445 Nam
1089 1370 1243 1447 discendi
1268 1370 1431 1467 profesio

232 1472 421 1543 inaxim'ain
450 1466 510 1541 hic
544 1463 756 1539 occasionem
788 1462 1059 1561 facultatemque
1080 1469 1206 1557 habet,
1232 1468 1341 1542 modd
1367 1492 1430 1543 vo·

232 1568 349 1637 luntas
370 1584 536 1658 prompta
559 1558 727 1646 adfuerit,
753 1582 856 1653 quain
888 1556 927 1631 dt
951 1584 1018 1655 ego
1038 1564 1240 1657 quotidiana
1269 1562 1431 1637 cohorta-

233 1662 334 1734 tione
350 1660 488 1737 excito,
514 1655 550 1727 δι
569 1678 641 1750 quo
657 1676 717 1728 tua
732 1655 824 1749 apud
841 1678 919 1726 euni
944 1660 1051 1752 major
1076 1655 1127 1729 est
1150 1660 1361 1744 authoritas,
1386 1682 1431 1732 eo
1514 1716 1519 1725 .

233 1748 362 1847 saepiui
376 1752 414 1833 id
430 1776 465 1825 te
483 1748 618 1836 facere,
642 1771 713 1822 non
743 1750 805 1822 abs
823 1774 860 1822 re
878 1747 997 1825 suerit.
1045 1750 1105 1826 De
1130 1752 1338 1849 christophoro
1356 1755 1430 1825 Hr-

258 1873 307 1922 rro
332 1852 402 1938 (2)
427 1846 528 1919 nimis
553 1842 649 1919 suere
668 1866 751 1919 vera
777 1865 855 1938 quae
880 1846 1075 1933 nunciasti,
1100 1872 1179 1921 nam
1215 1850 1432 1923 &illumin

233 1874 310 2019 sata
338 1940 551 2026 concessisse,
577 1941 621 2013 ab
649 1941 722 2013 aliis
750 1940 851 2012 nobis
875 1944 993 2037 postea
1017 1948 1164 2017 relatum
1192 1942 1250 2017 esi
1301 1942 1433 2033 Quoti-

239 2041 362 2113 dianus
392 2060 507 2110 autem
531 2038 590 2109 hic
619 2037 807 2109 amicorum
830 2036 926 2113 casus
948 2040 1102 2133 graviter
1125 2063 1180 2113 ine
1208 2061 1431 2127 commovet,

239 2136 396 2229 lnauibus
424 2154 537 2206 tamen
561 2128 863 2205 lamentationibus
901 2132 999 2233 apud
1029 2155 1066 2205 te
1103 2132 1355 2229 supersedebo,
1387 2158 1434 2208 ne

240 2230 325 2327 quid
341 2230 470 2303 doloris
496 2229 561 2299 ribi
588 2228 631 2299 de
660 2248 736 2299 mea
762 2224 898 2301 tristitia
927 2228 1125 2321 aspergam,
1150 2230 1220 2303 hoc
1240 2228 1438 2325 praesertim

237 2346 397 2421 ternpore
432 2320 481 2413 (si
507 2322 615 2395 modo
641 2344 763 2417 uerum
789 2321 858 2405 est,
891 2325 987 2417 quod
1012 2324 1073 2395 liic
1106 2324 1207 2397 nobir
1232 2326 1434 2398 nunciatum

238 2422 310 2509 est,
335 2442 443 2513 atque
461 2421 593 2492 utinam
617 2438 688 2489 non
707 2415 748 2487 sit
763 2414 911 2511 venun)
935 2440 1016 2489 cuni
1035 2436 1117 2491 tuus
1135 2418 1269 2493 recenti
1282 2420 1439 2494 vulnere

238 2512 423 2592 concuss'ur
455 2510 609 2595 animus,
632 2509 869 2583 consolatione
898 2512 1007 2607 magis
1034 2511 1304 2598 refocillandos,
1326 2514 1435 2611 quain

239 2614 317 2684 aliis
340 2607 491 2704 querelis
514 2602 772 2678 exacerbandus
798 2604 849 2678 sit.
898 2604 948 2678 Et
1026 2606 1151 2685 osane
1177 2607 1328 2685 duorum
1349 2614 1434 2684 aini-

218 2722 366 2778 .corum
393 2704 438 2776 D.
464 2696 617 2793 Wolfgaii
640 2706 673 2788 r',
709 2702 746 2773 δι
774 2698 974 2795 Chrislopborr'
1033 2708 1143 2799 ageri,
1175 2725 1250 2779 tuin
1282 2708 1432 2781 duorum

113 2866 114 2881 ,
239 2818 470 2971 paotronorum
489 2796 535 2869 D.
553 2792 601 2865 Zii
614 2802 638 2867 ii'
657 2794 888 2891 &Raymuridi'
905 2798 1006 2871 obitu
1026 2798 1101 2896 (3)
1122 2804 1171 2876 ita
1200 2798 1311 2879 fricto
1339 2802 1433 2897 deje-

301 2918 371 2991 que
396 2892 466 2964 suin
493 2886 632 2974 animo,
664 2910 705 2962 ut
733 2912 807 2985 prae
828 2892 1035 2987 aegtitudine
1054 2897 1160 2991 ¹pluri
1184 2895 1332 2972 scribere
1361 2920 1436 2973 non

239 2992 370 3087 poffim.
436 2986 497 3059 Tu
534 2984 622 3059 vend
651 2984 779 3059 etiamsi
808 2988 970 3063 dolorem
1004 2992 1146 3085 penitus
1172 2994 1337 3069 cohibere
1361 3017 1437 3069 non

141 3138 143 3143 .
237 3106 361 3183 potes,
377 3084 472 3177 quod
482 3104 597 3175 neque
606 3078 679 3174 ipse
693 3078 827 3176 poll'um
835 3132 848 3169 ,
863 3086 1098 3162 valetudinem
1113 3108 1228 3162 tamen
1239 3108 1331 3161 tuam
1348 3111 1437 3175 cura,

242 3182 446 3278 diligenter,
484 3195 524 3251 ut
549 3194 603 3252 tot
633 3178 719 3254 milii
751 3196 895 3275 repente
918 3183 1048 3277 ereptio
1079 3184 1228 3273 amicir,
1264 3204 1299 3257 te
1321 3205 1438 3269 iinuiir¹

282 3485 343 3569 (α)
355 3483 630 3581 ,arrianorum
644 3482 787 3570 nagia]
809 3482 882 3553 rixi
901 3460 1158 3633 ratpodum.
1170 3478 1305 3579 cispio
1321 3478 1433 3566 utrm

245 3566 332 3636 Velio
353 3568 567 3652 inscriptam,
588 3569 702 3636 datam
727 3588 770 3635 ue
784 3568 981 3643 exRatavio
1033 3566 1078 3635 ll.
1097 3566 1173 3635 Cal.
1193 3564 1322 3651 Aprilis
1337 3584 1436 3652 1532,
1469 3599 1482 3634 .‹

242 3650 286 3719 V.
310 3648 394 3732 Sup.
416 3650 458 3715 ad
479 3649 711 3733 EpistolamX
747 3652 805 3719 lV.
977 3718 980 3727 ,
1048 3714 1051 3725 ,

242 3732 351 3884 dm
373 3730 540 3879 fflyffld‘
555 3734 654 3880 οέἑῖιαί]
674 3730 980 3883 D‘,w{1⁰¹si·²⁰⁸¹¹m
999 3730 1059 3815 qui
1072 3730 1232 3816 proxime
1248 3729 1435 3814 praecedit,

246 3832 401 3983 &iffi
419 3830 950 3980 osplurgmuti’flesrdernmstiun
969 3895 1235 3975 rium,Aiidrrom
1242 3894 1368 3960 Renum
1375 3896 1437 3967 sili.I

245 3914 457 4065 Rayimiridim
484 3996 591 4061 porro
615 3976 748 4055 detexi,
769 3996 903 4073 ‘nempe
1015 3998 1115 4056 eruor,
1137 3978 1303 4045 denatum
1326 3995 1344 4061 a
1364 3978 1438 4047 De·

244 4063 394 4137 cembris
420 4078 477 4143 153
481 4080 513 4141 5.
535 4074 628 4128 aetat.
657 4076 712 4141 47.
732 4060 823 4127 Vide
855 4063 1092 4146 genealogiam
1118 4060 1319 4157 Fuggrronirn
1350 4060 1440 4131 Gen.-

244 4147 383 4217 manico
406 4144 593 4225 idiomate,
615 4141 785 4227 adjundis
804 4159 848 4208 ue
877 4144 1085 4227 singulorum
1103 4142 1260 4213 icombus
1276 4145 1335 4209 ieri
1350 4144 1465 4216 inci-0

245 4228 284 4295 sis
296 4251 317 4304 ρ
335 4228 546 4313 publicatam
576 4224 739 4313 Augustae
800 4224 1044 4314 indelicorum
1067 4242 1160 4301 atino
1190 4232 1287 4313 1619.
1317 4228 1356 4296 in
1376 4226 1438 4296 fol.

246 4315 379 4400 pag.8.

251 4406 477 4521 ξιΤρικἸΙ.
702 4404 734 4503 λ,
810 4406 963 4488 ''Ce'
1065 4402 1091 4411 ”

851 3818 939 3898 igliur
967 3816 1061 3883 inter
1090 3814 1220 3880 amicos
1246 3814 1436 3880 numerarlt
1568 3833 1573 3843 ·
