3967 5167
512 515 570 623 ‚a
627 451 865 594 ercan
892 517 962 588 m
991 489 1256 586 aaran
1283 489 1663 587 zotanum

516 682 627 781 jure,
652 682 791 757 duriore
816 676 989 754 scribendi
1015 677 1192 772 principio
1218 676 1315 772 apud
1341 697 1396 748 me
1422 676 1499 762 uti,
1525 699 1566 750 ac
1590 675 1634 750 de
1654 694 1731 750 tam

522 782 658 854 diutina
674 777 858 854 cellatione
866 778 1035 868 conqueri
1048 773 1313 868 &expostulare
1334 774 1505 867 potueris.
1530 768 1732 847 Meminisse

425 931 429 942 .
523 877 619 950 enim
632 899 700 972 ego
723 875 911 954 debebam,
936 870 1000 963 qui
1015 893 1090 943 eam
1114 871 1304 942 studiorum
1331 874 1429 952 viam,
1443 866 1516 942 sum
1536 867 1727 964 ingressus,

551 992 607 1042 uae
628 994 684 1045 me
704 968 946 1066 adjuvantibus
963 969 1157 1039 amicorum
1185 964 1354 1060 suffragiis
1376 969 1422 1038 ad
1448 969 1728 1060 qualemqualem

566 1067 744 1140 leudorem
759 1065 791 1140 se
820 1063 930 1138 uentis
946 1063 1029 1135 vitae
1047 1063 1084 1136 &
1098 1063 1210 1136 aetat'ts
1228 1063 1417 1158 perducat,
1445 1065 1648 1156 neutiquam
1665 1061 1728 1130 mi·

525 1163 565 1237 hi
591 1159 657 1232 else
681 1167 767 1236 tales
793 1090 933 1235 indalee
963 1159 1192 1326 neglipendos
1205 1209 1219 1246 ,
1253 1179 1401 1252 quorum
1429 1159 1607 1240 amicitia,
1643 1179 1727 1230 con·

525 1255 640 1334 visitis
655 1259 692 1332 δι
708 1257 791 1330 teeti
808 1255 1053 1348 communione

526 1357 644 1428 tilium
661 1355 907 1442 aemulatione,
929 1375 971 1424 ac
990 1353 1151 1426 omnibus
1168 1347 1312 1432 officiis,
1339 1373 1421 1446 quae
1437 1351 1552 1445 prima
1564 1351 1629 1427 illa
1640 1370 1725 1422 aetas

526 1449 683 1534 serebat,
707 1449 966 1546 conglutinata,
992 1469 1063 1518 non
1088 1449 1215 1541 exiguo
1233 1447 1321 1518 mihi
1336 1451 1536 1542 adjumento
1553 1464 1655 1540 atque
1673 1469 1729 1517 or·

500 1542 778 1619 memeritoess'e
821 1565 910 1619 ueat.
961 1537 1095 1615 Verium
1112 1545 1324 1638 praeteritam
1344 1546 1484 1638 culpam
1506 1541 1669 1614 excusare
1685 1542 1726 1612 li-

529 1662 608 1722 cet,
634 1639 671 1713 δι
687 1644 722 1713 in
742 1572 920 1734 podatum
942 1641 1034 1712 cotti
1062 1663 1128 1714 ere.
1180 1639 1252 1712 Sed
1302 1658 1340 1710 ut
1358 1639 1406 1710 est
1427 1636 1521 1732 apud
1550 1633 1727 1728 Juriscon·

528 1735 679 1830 fultum)
704 1735 804 1809 faite
822 1733 934 1811 causae
949 1733 1020 1807 inse
1059 1757 1088 1806 ae
1106 1733 1179 1810 lieri
1194 1754 1389 1830 nequeunt:
1416 1731 1653 1822 Quamobrem
1667 1756 1727 1806 ve·

529 1837 621 1907 niatu
636 1831 740 1906 satius
759 1830 811 1904 est
835 1831 995 1928 precati,
1020 1851 1064 1902 ue
1088 1828 1223 1904 frivolis
1243 1829 1524 1904 excusationibus
1542 1851 1728 1923 peccatum

532 1927 718 2002 defendere
753 1930 899 2014 videat,
933 1927 1104 2022 pollicens
1135 1923 1252 2000 sande
1283 1927 1409 2012 vobis,
1443 1927 1609 2020 deinceps
1641 1925 1730 1998 nihil

528 2048 587 2098 me
607 2022 835 2110 omissurum,
860 2023 958 2119 quod
974 2023 1114 2119 quidem
1132 2027 1175 2096 ad
1193 2023 1323 2096 vetetis
1347 2024 1506 2096 amicitie
1525 2017 1649 2093 nostrae
1668 2043 1728 2094 cu·

533 2121 681 2201 stodiam
698 2121 874 2216 pertinere
890 2119 1139 2194 existimavere.
1190 2114 1404 2214 Quanquam
1425 2115 1522 2192 certe
1537 2117 1647 2189 nolim
1663 2139 1729 2190 vus

532 2213 581 2290 stc
597 2218 757 2310 accipere
782 2213 909 2290 sslentii
931 2217 1002 2290 mei
1022 2216 1322 2310 deprecationem,
1347 2211 1442 2310 quasi
1458 2217 1494 2286 in
1518 2238 1555 2288 re
1574 2211 1668 2306 ipsa,
1693 2215 1731 2288 id

533 2309 642 2386 estin
671 2335 792 2387 mutuo
815 2334 959 2394 amore,
997 2313 1060 2406 qui
1084 2333 1106 2384 a
1135 2311 1288 2406 parvulis
1312 2311 1413 2386 nobis
1439 2305 1637 2383 contradict
1662 2311 1732 2394 eii,

535 2407 669 2503 aliquid
717 2407 849 2482 eccasse
867 2432 920 2481 me
938 2405 1129 2490 confitear;
1156 2431 1234 2480 narn
1253 2408 1314 2504 qui
1333 2403 1407 2482 stlet
1421 2429 1493 2479 non
1516 2405 1597 2479 ideo
1618 2407 1733 2479 minut

535 2523 652 2589 amat,
692 2503 736 2576 ed
761 2508 797 2576 in
821 2528 866 2577 eo
889 2500 1025 2576 tannim
1043 2501 1236 2598 delinquit,
1261 2503 1358 2598 quod
1374 2504 1524 2576 animum
1544 2499 1641 2574 suutn
1661 2525 1734 2575 non

538 2600 702 2677 declarat.
753 2601 817 2673 Me
836 2601 926 2672 enim
952 2619 1084 2693 ptaeter
1107 2621 1148 2672 ea
1171 2621 1252 2692 quae
1270 2605 1339 2694 janr
1364 2597 1457 2682 dixi,
1483 2597 1526 2670 ad
1545 2613 1580 2669 te
1599 2619 1640 2670 ac
1665 2598 1733 2672 fra·

536 2716 628 2769 trem
649 2695 828 2767 adrianum
853 2697 1037 2767 amandum
1074 2695 1293 2767 extimulavit
1321 2693 1498 2788 quoddam
1525 2713 1596 2765 non
1630 2692 1732 2769 inane

536 2787 765 2884 praesagiunt,
789 2787 885 2876 sore,
909 2809 949 2862 ut
965 2811 1011 2860 ert
1025 2790 1202 2862 veteribus
1217 2787 1393 2884 discipulis
1409 2813 1474 2864 vos
1493 2787 1557 2861 soli
1575 2788 1645 2862 uni
1660 2813 1733 2863 me·

526 2907 619 2979 ‚cum
645 2885 682 2954 in
705 2904 823 2979 coepto
848 2882 1040 2961 studiorum
1068 2883 1166 2958 cursu
1187 2883 1426 2979 persisteretis,
1452 2883 1575 2981 easque
1597 2883 1734 2970 literae,

539 3001 687 3076 quatum
703 2977 886 3054 occasune
909 2981 1011 3054 initio
1035 2977 1212 3075 coujunit't
1233 2978 1369 3068 sumus,
1393 2979 1461 3055 sem
1488 3005 1525 3055 er
1550 2979 1737 3077 ampledie·

539 3077 685 3150 remini:
709 3073 788 3149 etim
806 3075 850 3149 de
868 3077 942 3149 aliis
955 3081 1025 3173 jam
1040 3099 1114 3149 tum
1128 3075 1365 3170 desperarem,
1403 3005 1606 3172 quibusdam
1638 3078 1737 3174 igna-

539 3171 630 3260 vii,
656 3169 858 3268 quibusdam
883 3175 942 3245 vel
965 3173 1097 3268 ingenii
1122 3170 1363 3254 infelicitate,
1389 3173 1447 3245 vel
1471 3175 1521 3246 rei
1548 3175 1739 3254 tenuitate.

539 3271 599 3341 vel
617 3287 801 3364 parentum
817 3271 1023 3356 voluntate,
1047 3291 1068 3340 a
1092 3265 1268 3340 Musarum
1283 3265 1416 3340 foribus
1439 3265 1595 3342 exclusis.
1623 3265 1737 3364 Quod

540 3387 655 3438 autem
681 3362 813 3436 firmius
837 3362 905 3436 esse
926 3365 1105 3438 vinculum
1142 3365 1269 3436 amotis
1306 3384 1444 3458 queat,
1476 3365 1739 3461 quim‘earum·

542 3461 625 3534 deur
652 3461 827 3531 literarum
858 3481 1031 3554 perpetua
1062 3460 1315 3533 continuatio?
1349 3455 1437 3531 Non
1462 3461 1589 3554 ignoro
1620 3483 1740 3534 autem

1080 1257 1206 1329 undata
1217 1305 1229 1342 ,
1240 1273 1424 1348 mutuaque
1441 1253 1631 1328 studiorum
1639 1275 1726 1348 pue·

541 3578 674 3654 quanta
709 3551 825 3634 vestra·
862 3553 969 3631 fuerit
1006 3554 1186 3650 diligentia
1218 3555 1312 3629 circa
1345 3555 1529 3652 politiores
1559 3557 1742 3726 bumasnio·

1614 3677 1653 3730 re
1668 3675 1741 3752 que
1756 3693 1758 3703 ·

545 3841 634 3912 tifex
656 3832 764 3926 sadda
791 3844 840 3912 tit.
881 3839 982 3910 Obiit
1010 3841 1147 3928 Jounnes
1168 3861 1221 3928 24.
1244 3836 1439 3928 Septembr.
1473 3847 1567 3928 1536.
1607 3839 1748 3912 uremur

545 3927 595 3994 est
616 3927 731 3993 Pauus
750 3948 804 4012 23.
825 3927 909 3994 Maii
932 3945 1024 4008 1555.
1066 3929 1111 3993 Et
1133 3927 1225 3992 hunc
1246 3941 1371 3993 tamem
1403 3941 1558 3994 errorem
1577 3925 1630 3994 bis
1651 3943 1747 3994 erra·

319 3995 323 4004 ’
445 4038 449 4045 ·
547 4011 601 4075 vit
621 4009 678 4092 Jo.
699 4009 847 4076 Franci?
900 4030 950 4091 ent
975 4012 1011 4076 in
1042 4029 1133 4078 nova
1162 4010 1245 4076 edit.
1264 4009 1332 4076 bibi.
1357 4007 1429 4077 Vni.
1458 4009 1616 4089 Andreae,
1644 4010 1746 4080 verb.

474 4159 478 4165 ,
546 4092 838 4176 JoonnesSecundus
898 4089 1752 4164 veru.Nicotausapernitponomraeuseumnon

546 4177 699 4259 loquitur
718 4174 938 4244 secretarium
962 4175 1073 4254 Pauli,
1103 4177 1170 4242 sed·
1190 4173 1317 4260 affingit
1337 4175 1372 4240 ei
1394 4173 1461 4239 iter
1481 4183 1512 4240 in
1534 4175 1683 4252 Italiam,
1702 4185 1751 4246 in·

546 4261 597 4362 cie⁸
623 4265 689 4324 ein
709 4259 906 4346 Hispaniam.
946 4260 1053 4335 Male.
1074 4259 1102 4326 E
1123 4257 1243 4344 Belgio
1264 4257 1400 4342 trajecit
1418 4257 1454 4324 ln
1476 4257 1756 4346 Hispaniam.

445 4411 448 4414 ,
585 4349 743 4411 attonitam
761 4351 815 4412 cit.
