3967 5167
511 588 594 650 ‚102
624 545 856 658 vruurr
884 496 1638 650 AuAYTTAZ'UICHEMI
1777 659 1782 666 r

378 723 388 733 ’
516 740 597 814 suu
615 731 995 849 unquu‘mo‘emamr
1021 731 1726 826 vummmurruonounmm-,o

520 857 594 910 non
613 838 649 910 in
671 854 781 908 tacito
800 831 995 905 animorum
1011 827 1416 916 eonsensumnlsteret,
1439 831 1624 908 sedssliteris
1637 855 1726 910 cou-

522 929 646 1008 telio'tn
656 929 766 1004 ellet.⁴
780 926 884 1025 Opto
897 947 1014 1002 nutem
1026 925 1193 1024 inprimis
1203 928 1270 1001 huc
1282 928 1528 1014 benevolentia
1546 949 1606 1003 tuo
1621 925 1727 1028 quim

524 1027 721 1120 diotiffime,
739 1021 820 1096 frui.
869 1022 1024 1096 Proinde
1051 1024 1169 1097 Deum
1194 1020 1286 1136 Ops.
1311 1023 1406 1099 Mox.
1430 1043 1540 1119 rogo,
1566 1047 1607 1099 ιιι
1630 1044 1666 1102 te
1688 1031 1726 1102 io

525 1127 656 1199 multon
667 1143 775 1198 annos
790 1116 1131 1195 locoromemfovet
1180 1119 1411 1214 cormeum
1433 1123 1508 1194 voti
1527 1119 1622 1218 spem
1641 1145 1726 1198 con·

525 1221 635 1316 clpio.
682 1215 767 1292 Nec
788 1216 881 1291 enim
905 1233 1122 1302 memoret,
1145 1217 1243 1310 quod
1266 1213 1553 1316 septuagesimum
1577 1223 1648 1314 jam
1658 1241 1726 1294 un·

388 1358 399 1379 .
525 1339 610 1392 num
629 1333 728 1414 agas:
752 1315 879 1406 etenim
903 1314 1045 1410 triginta
1062 1311 1179 1385 adlruc
1203 1310 1350 1400 restant,
1374 1334 1415 1386 ut
1443 1311 1547 1388 fidem
1570 1315 1654 1389 vite
1676 1317 1726 1392 ci·

526 1414 637 1486 vilem
661 1412 738 1507 (uti
760 1409 849 1500 scis)
873 1411 1063 1504 compleas.
1112 1405 1222 1494 Rari,
1246 1409 1282 1481 io
1308 1409 1383 1495 uis,
1408 1405 1487 1482 sunt
1506 1412 1568 1512 qui
1584 1425 1627 1488 eo
1643 1433 1725 1510 per·

527 1511 695 1622 tingunt:
724 1513 878 1580 attamen
899 1503 998 1594 suut,
1025 1506 1069 1580 ἃ
1094 1505 1256 1634 exemplu
1281 1429 1483 1674 iopffiedilzt
1507 1507 1626 1676 (giceroi
1677 1507 1728 1584 Et

529 1599 1728 1812 lllllilillluiiilfequilemense

528 1798 623 1871 enim
638 1794 829 1907 magnilicae
847 1795 959 1881 aedcs,
984 1791 1098 1866 sruon
1117 1790 1216 1904 sarem
1237 1790 1338 1866 tedio
1357 1789 1554 1904 serventur,
1579 1793 1729 1890 stoeglr·

530 1893 880 2084 &elisisti
895 1889 1100 2079 iiiiii
1117 1885 1727 2081 &usfulli-{limen

532 2106 592 2158 cet
604 2080 817 2180 observare)
842 2084 891 2154 ita
914 2082 952 2156 δι
977 2103 1107 2178 corpus
1124 2080 1290 2166 nostrum,
1305 2077 1341 2152 li
1360 2071 1519 2159 sortitum
1532 2077 1639 2158 fuerit
1656 2086 1730 2159 ani·

392 2183 395 2188 '
532 2203 627 2252 mum
645 2201 752 2276 penos
771 2201 874 2276 quem
891 2177 987 2251 nulla
1006 2175 1148 2251 tuendae
1165 2175 1371 2250 valetudinis
1394 2179 1483 2252 ratio
1502 2179 1656 2267 constet,
1678 2185 1729 2255 ci.

532 2277 574 2350 ιό
598 2273 751 2350 labascit.
809 2271 921 2362 Quod
946 2272 971 2345 sr
992 2274 1080 2348 verd
1103 2272 1182 2346 toh's
1207 2273 1309 2346 alicui
1330 2274 1517 2368 contigerit
1541 2272 1729 2370 pollellor,

532 2370 726 2468 corporalis
755 2370 923 2443 domicilii
945 2370 1079 2442 animus
1100 2367 1198 2463 ,'qui
1224 2367 1404 2442 moderate
1430 2367 1504 2443 otio
1530 2371 1730 2468 indulgere,

408 2516 410 2519 -
536 2469 575 2544 δι
592 2468 734 2563 negotia
757 2462 963 2562 tempestive
984 2463 1132 2540 troiiare
1157 2462 1259 2554 sciat,
1290 2465 1536 2562 islongaevam
1563 2489 1626 2540 cor
1653 2470 1729 2544 oris
1847 2481 1849 2484 ’

535 2588 616 2640 cum
630 2563 747 2635 animo
764 2559 1046 2636 consuetudinem
1068 2556 1172 2634 facile
1191 2562 1281 2632 tueri
1296 2564 1436 2671 poterii.
1489 2559 1599 2656 Quod
1622 2489 1652 2637 li
1669 2589 1729 2638 au·

536 2679 609 2734 tem
626 2656 754 2752 Zoſsum
769 2659 837 2752 egd
858 2655 952 2730 teile
971 2657 1166 2752 cognosco,
1192 2677 1263 2728 non
1278 2655 1422 2730 videtur
1443 2657 1528 2730 mihi
1543 2656 1616 2755 ipse
1630 2663 1732 2756 igno·

535 2777 635 2839 rore,
659 2753 839 2850 quomodo
857 2753 948 2826 illud
967 2755 1087 2826 clrarae
1102 2753 1224 2828 onimae
1238 2751 1452 2826 domicilium
1468 2750 1509 2826 srt
1526 2751 1737 2840 fovendum,

537 2851 681 2926 Accidit
696 2870 810 2922 autem
825 2851 936 2920 multa
951 2872 972 2920 a
990 2849 1106 2922 liberio
1120 2845 1235 2922 adhuc
1252 2849 1407 2944 parvulis
1422 2851 1608 2944 voluptas,
1633 2851 1742 2928 obses
1816 2869 1821 2885 ·

437 2977 443 2982 ·
539 2948 659 3042 quium
682 2943 725 3018 ab
748 2966 857 3017 uxore
882 2941 1122 3039 gratillimum,
1146 2945 1339 3018 reverentia
1357 2965 1482 3040 magna
1501 2945 1545 3018 ab
1567 2950 1732 3026 auditori·

537 3041 627 3129 bus,
649 3063 744 3115 amor
760 3047 779 3110 a'
796 3037 992 3134 discipulis,
1009 3041 1278 3113 emolumentum
1294 3039 1340 3118 ab.
1355 3037 1629 3132 consultoribus,
1648 3045 1735 3142 quid

538 3138 590 3211 est
610 3159 693 3233 ergo
714 3137 811 3303 {⁰⁰⁶
833 3136 934 3230 hujus
955 3153 991 3207 te
1010 3136 1095 3208 vltae
1119 3135 1276 3209 taedeatl
1302 3131 1392 3207 Nam
1416 3157 1497 3232 quae
1523 3139 1589 3212 alia
1615 3163 1733 3214 narras

540 3235 718 3309 incommo
744 3256 785 3318 a,
811 3253 884 3303 non
906 3230 1116 3306 valetudinis
1134 3225 1233 3318 suot,
1256 3229 1317 3305 sed
1335 3232 1457 3308 aetatis.
1508 3233 1601 3327 Quae
1622 3237 1736 3309 minus

541 3331 607 3404 tibi
630 3330 751 3423 gravia
777 3327 1014 3415 videbuntur,
1046 3323 1071 3400 fi
1102 3328 1273 3422 cogites,
1305 3325 1408 3422 quim
1436 3327 1502 3400 tibi
1524 3331 1639 3405 adhuc
1664 3355 1738 3406 non

542 3427 652 3498 modo
677 3426 811 3519 integra
836 3445 934 3497 mens
951 3421 1011 3507 fit,
1038 3421 1096 3498 sed
1119 3425 1229 3498 multd
1247 3424 1349 3496 etiam
1397 3422 1476 3497 uim
1502 3447 1548 3496 un
1576 3451 1656 3500 uam
1678 3450 1738 3502 ao-

394 3571 408 3584 ,
541 3540 598 3594 tea
616 3521 774 3595 viridior.
801 3518 1065 3612 Quamobrem,
1082 3519 1355 3592 excellentissime
1418 3520 1532 3594 omine
1591 3520 1625 3618 fi
1637 3577 1647 3608 ‚
1664 3525 1740 3598 noli
1894 3591 1895 3596 ,

542 3620 743 3690 immaturas
765 3616 996 3709 cogitationes
1021 3615 1135 3688 adhuc
1159 3615 1369 3697 inanimum
1393 3618 1586 3694 admittere.
1637 3619 1739 3694 Non·

542 3717 628 3788 dum
655 3731 794 3805 tempus
822 3709 873 3783 est
897 3732 937 3783 ut
969 3710 1070 3782 alteri
1098 3709 1259 3804 lampada
1287 3712 1429 3785 tradas:
1464 3711 1543 3785 cum
1569 3711 1737 3802 sciamus,

526 3802 641 3882 'nullo
665 3805 765 3880 cursu
799 3826 869 3877 tam
893 3805 1047 3878 nobilem
1072 3803 1229 3900 spiritum
1255 3803 1439 3903 defatigari
1463 3807 1570 3904 posse.
1622 3810 1741 3887 Nobis

543 3903 625 3977 sane
650 3902 780 3976 videris
798 3903 905 3996 magis
934 3923 1039 3996 arque
1065 3903 1175 3998 magis
1204 3898 1344 3988 vivere,
1370 3927 1478 4014 quum
1494 3907 1652 4001 quotidie
1665 3911 1744 4003 pul·

545 4001 710 4073 cherrimi
733 4000 848 4072 adhuc
864 3999 907 4070 ab
924 3999 1045 4072 divino
1060 3999 1123 4072 illo
1149 3997 1292 4094 ingenio
1312 3995 1417 4100 foetus
1443 4022 1541 4074 tanto
1568 4023 1646 4075 cum
1668 4027 1744 4077 om·

545 4098 642 4168 nium
667 4093 782 4169 fruito
811 4093 1083 4190 proficiscuntur.
1145 4093 1243 4170 luter
1267 4117 1356 4190 quos
1384 4096 1559 4170 novilfime
1584 4101 1667 4172 exiit
1692 4105 1748 4174 Io·

535 4189 743 4288 stitutiooum
767 4193 943 4282 Eunomo,
968 4189 1098 4264 summu
1122 4193 1288 4265 aviditate
1317 4213 1390 4266 non
1417 4190 1509 4265 reela
1534 4211 1554 4266 a
1574 4217 1654 4278 me,
1688 4195 1747 4269 sed

545 4288 725 4360 devorato.
775 4285 887 4375 Quod
911 4287 999 4360 verd
1025 4309 1079 4358 me
1111 4285 1317 4381 delegeris,
1349 4289 1470 4382 quiin
1494 4311 1574 4363 eum
1598 4293 1748 4375 locum,

545 4386 607 4479 qui
631 4407 652 4460 a
675 4403 710 4457 te
734 4401 919 4460 turannos
942 4381 1136 4456 celebratus
1158 4382 1227 4470 est,
1251 4382 1453 4476 succedam,
1478 4388 1581 4460 animi
1602 4390 1747 4484 quidem

1697 4486 1753 4558 mi
