3967 5167
532 638 588 734 42
646 608 881 709 VIGLII
909 634 977 705 Aa
1007 610 1269 707 AYTTA
1294 596 1680 711 ZUICHEMI

536 797 697 871 eon‘ditio
718 818 787 873 non
804 795 991 881 convenit,
1012 792 1108 867 aliud
1124 790 1337 889 expediebat
1362 796 1499 892 patria,
1533 796 1629 873 aliud
1644 803 1742 874 vose-

538 894 599 966 bat
633 912 765 980 mater,
800 894 869 965 alid
903 912 967 963 nos
1007 890 1248 964 tendebamus.
1307 892 1402 985 Quae
1444 894 1531 967 mihi
1571 896 1742 991 deinceps

539 987 675 1063 occasio
716 988 871 1064 oolendae
904 1008 1019 1061 tecum
1052 988 1244 1060 amicitiae?
1294 987 1388 1081 Quae
1422 992 1588 1083 voluptas
1624 991 1742 1067 absen-

539 1108 577 1159 te
603 1084 734 1179 semper
758 1110 800 1159 eo
825 1104 928 1179 quem
959 1085 1065 1155 amo?
1100 1081 1198 1174 Quin
1223 1078 1247 1152 fi
1279 1102 1319 1156 tu
1349 1086 1422 1157 illie
1446 1086 1579 1158 haerere
1618 1086 1742 1163 decre·

540 1180 638 1262 visti,
663 1183 780 1255 delere
812 1203 847 1252 te
880 1179 925 1253 de
950 1181 1067 1254 animo
1091 1177 1227 1261 debeo,
1250 1175 1332 1252 cium
1358 1196 1427 1275 ego
1454 1180 1589 1252 dudum
1613 1183 1658 1256 de
1681 1194 1746 1257 tuo

541 1274 702 1349 excidisse
725 1276 810 1349 mibi
840 1273 988 1356 videar,
1023 1270 1062 1345 dt
1090 1272 1171 1347 cium
1193 1294 1264 1344 non
1286 1274 1410 1369 possim
1434 1275 1496 1349 nist
1521 1299 1602 1349 cum
1643 1280 1745 1351 dolo-

540 1396 578 1445 re
595 1374 634 1447 dt
654 1370 806 1447 fortunae
830 1390 901 1443 tuae
924 1371 962 1445 δι
984 1368 1164 1453 amicitiae,
1196 1392 1266 1465 qua
1290 1392 1479 1466 numquam
1501 1370 1572 1445 frui
1592 1378 1745 1470 amplius

540 1488 696 1563 potero,
720 1463 919 1541 meminisse.
977 1463 1077 1553 Quid
1105 1464 1154 1536 est
1180 1488 1243 1538 cur
1267 1488 1324 1540 me
1350 1468 1387 1537 in
1412 1489 1541 1541 vanum
1559 1473 1745 1546 cruciemi'

541 1550 724 1652 Quantam
748 1586 805 1647 tu,
831 1563 879 1633 mi
903 1563 1033 1644 coru,
1066 1557 1241 1635 fortunam
1274 1562 1459 1657 negligis?
1492 1562 1587 1634 Nam
1618 1563 1644 1636 st
1670 1588 1755 1639 orn··

539 1663 624 1733 nino
647 1660 795 1733 animum
818 1660 862 1731 ad
894 1679 966 1730 rem
990 1657 1147 1730 uxoriam
1169 1659 1323 1742 habeas,
1348 1657 1428 1750 post
1452 1661 1587 1753 aliquot
1613 1682 1746 1746 annos,

540 1759 602 1831 ubi
624 1760 796 1831 literarum
814 1750 988 1838 studium,
1012 1753 1143 1846 inquo
1159 1776 1239 1826 cum
1259 1752 1489 1827 admiratione
1502 1758 1657 1829 omnium
1670 1778 1746 1830 tan·

540 1872 614 1925 tum
632 1850 829 1949 profecisti,
859 1848 1022 1921 foeliciter
1034 1846 1244 1935 absolveris,
1268 1846 1331 1919 ubi
1356 1847 1393 1919 in
1415 1850 1563 1945 patriam
1593 1854 1745 1939 redibis,

543 1948 622 2043 quis
639 1972 675 2023 te
695 1972 767 2023 non
784 1966 949 2043 generum
966 1945 1040 2017 illic
1056 1966 1220 2039 expetat,
1245 1945 1425 2039 ubipatris
1450 1942 1526 2041 (4)
1553 1947 1746 2036 ciariffimiJ

541 2045 703 2139 Equitir,
728 2042 946 2135 Caesareique
964 2038 1166 2126 consiliarii,
1190 2042 1234 2113 de
1256 2038 1422 2115 Fiandria
1439 2061 1498 2113 tua
1523 2042 1659 2137 optime
1674 2068 1745 2117 me·
1863 2084 1872 2101 ·

541 2143 621 2227 riti,
644 2140 810 2215 memoria
829 2130 943 2211 adhuc
961 2158 1082 2209 recent
1106 2135 1182 2211 esti
1202 2134 1276 2206 Ubi
1292 2156 1331 2207 tu
1346 2134 1520 2209 fortunam
1532 2138 1640 2213 habes
1650 2141 1686 2211 in
1703 2164 1743 2214 ea

543 2237 646 2312 etiam
662 2238 824 2332 regione,
851 2254 933 2329 qnae
955 2230 1157 2305 divitiarum
1171 2232 1311 2305 nomine
1328 2234 1439 2325 prima
1452 2234 1629 2321 censetur,
1653 2239 1744 2309 ultra

541 2332 722 2431 vulgarem
746 2332 887 2404 modum
913 2324 1157 2421 splendidam,
1184 2328 1247 2399 ubi
1273 2346 1328 2398 tot
1350 2330 1648 2424 propinquorum,
1675 2330 1748 2402 affi-

542 2430 710 2525 niumque
728 2427 855 2527 opibus
877 2420 1094 2497 affluentium
1113 2421 1235 2496 favore
1256 2424 1407 2496 munitus
1426 2423 1497 2498 esse
1519 2430 1672 2521 poteria,
1698 2426 1744 2499 ad

541 2526 619 2601 haec
638 2527 754 2599 omnia
772 2523 834 2597 ubi
852 2540 912 2593 ma
929 2515 1086 2591 dosirina
1103 2519 1265 2593 meritum
1279 2516 1444 2615 consequi
1460 2522 1612 2614 pretium
1629 2543 1746 2617 queat.

541 2620 651 2696 Visne
670 2618 788 2715 quaeso
810 2612 1047 2691 Scholasticm
1071 2616 1195 2709 aliquis
1219 2615 1375 2688 literator
1399 2614 1495 2700 fieri,
1520 2616 1559 2691 &
1584 2620 1621 2690 iu
1638 2618 1749 2713 pistri-

544 2740 628 2790 num
646 2715 788 2810 aliquod
813 2734 847 2787 te
874 2712 1002 2784 dedere
1024 2708 1204 2783 Taurini?
1236 2710 1336 2803 Quid
1364 2712 1456 2784 enim
1480 2708 1532 2783 est
1558 2716 1745 2805 quodidie

546 2810 733 2980 expedies?
747 2808 834 2919 'Ubi
848 2826 887 2880 tu
904 2806 1044 2891 nudus,
1061 2804 1311 2916 destitutusque
1329 2808 1428 2879 omni
1443 2810 1573 2881 auxilio
1585 2860 1597 2895 ‚
1607 2812 1743 2883 nullum

545 2912 592 2985 ha
618 2906 692 2981 ebis
722 2904 781 2977 nisi
808 2926 850 2977 ex
881 2924 990 3011 uxore
1010 2898 1181 2974 solatrum.
1238 2902 1496 2977 Momentaneae
1520 2902 1600 2977 sunt
1624 2904 1744 2979 socrus

546 2996 1237 3196 eisarneinaim
1253 2998 1776 3193 iisniiiississiinie.

1663 3216 1747 3267 nere

594 3374 660 3464 (4)
682 3376 787 3443 Patris
810 3369 983 3455 ciorrfflmi]
1012 3368 1133 3437 Caroli
1155 3368 1320 3454 Sucqueti
1364 3378 1457 3448 ater,
1475 3370 1541 3437 fuit
1559 3370 1749 3449 Antonine,

554 3458 818 3531 Consiliariusin
837 3457 983 3523 Secreto
1003 3454 1174 3532 Consilio,
1193 3454 1238 3520 de
1255 3472 1324 3537 quo
1371 3452 1445 3520 omb.
1465 3452 1515 3519 des
1534 3456 1641 3523 borum
1659 3456 1751 3539 trust.

548 3565 587 3632 p..
604 3561 657 3632 24.
678 3540 842 3621 „Metine
864 3537 1043 3604 Anthoine
1065 3537 1238 3619 Suoquen
1267 3536 1472 3613 Chevalier,
1493 3536 1517 3602 il
1539 3536 1640 3604 estoit
1659 3536 1752 3606 frere

551 3671 579 3709 ‚,
596 3628 640 3695 de
660 3628 744 3712 Jean
759 3624 796 3691 δι
816 3640 900 3706 pere
922 3620 1133 3686 d'Anthoine
1154 3621 1309 3703 Sucquet
1320 3662 1332 3695 ,
1353 3619 1561 3686 Conseillers
1576 3620 1623 3686 du
1643 3622 1753 3723 grand

553 3751 579 3791 „
598 3709 754 3785 Conseil,
777 3705 813 3773 dt
834 3718 976 3770 mourut
995 3722 1015 3769 a
1034 3703 1165 3786 Bruges
1190 3722 1234 3770 en
1260 3706 1326 3769 l’an
1352 3706 1445 3783 1526.
1464 3703 1527 3787 gist
1548 3722 1592 3770 en
1617 3700 1752 3789 l’hglise

554 3836 579 3872 „
598 3791 806 3863 Cathedrale
827 3789 871 3854 de
891 3786 929 3853 ·S.
946 3788 1087 3861 Donat,
1107 3804 1154 3851 ou
1171 3786 1206 3852 se
1222 3788 1299 3853 voit
1320 3804 1428 3853 encor
1447 3784 1481 3851 sa
1500 3788 1615 3870 pierre
1638 3787 1751 3872 sepul-

554 3919 579 3953 „
596 3878 712 3947 chrale
747 3882 939 3941 contenant
968 3868 1018 3936 ses
1042 3869 1191 3937 armes.”
1232 3871 1274 3935 In
1301 3869 1406 3955 Cotnp.
1436 3870 1563 3936 chronol.
1582 3869 1754 3971 Episcopor.

552 3962 696 4047 Brugnfi
714 3978 748 4041 p.
769 3974 844 4039 250.
867 3952 909 4033 is,
924 3970 998 4033 251.
1018 3950 1169 4019 refertur
1187 3955 1258 4038 ejus
1279 3954 1491 4037 epitaphium
1509 3972 1529 4019 e
1544 3954 1657 4037 lapide
1674 3974 1755 4039 Jux-

450 4046 454 4053 '
554 4059 591 4111 ta
627 4044 753 4111 odeum
780 4035 934 4108 ecclesiae
955 4036 1193 4113 Cathedralis‚
1219 4038 1280 4103 ubi
1307 4054 1415 4101 annus
1439 4036 1552 4102 obitis
1576 4038 1752 4104 biennium

487 4212 491 4219 .
555 4126 745 4210 discrepat:
772 4120 991 4269 „sepulture
1018 4121 1063 4189 de
1086 4120 1219 4187 Meffire
1240 4120 1416 4185 Anthoine
1442 4118 1589 4216 Sueket,
1611 4121 1753 4217 Cbeva-

555 4252 580 4287 ,‚
597 4212 677 4285 lier,
700 4208 736 4321 §a
765 4209 845 4275 Con
862 4204 958 4271 erlier
979 4202 1127 4315 deql’Enq
1155 4220 1256 4268 ereur
1272 4200 1417 4268 charles
1440 4202 1570 4348 (quint,
1592 4205 1758 4353 quartes-

553 4293 762 4443 ”effnn
779 4284 1639 4457 naariam.‘’teneuraiaain
1656 4290 1757 4461 ii·

552 4420 577 4453 n
608 4398 650 4455 ei
1157 4414 1170 4449 p
1743 4420 1753 4441 ‚

547 4502 577 4547 a,
594 4464 626 4543 le
646 4464 699 4531 ao.
725 4452 953 4528 d’ottonre.’‘
1252 4500 1255 4504 f
1748 4498 1753 4505 .
