<?xml version="1.0" encoding="UTF-8"?>
<!DOCTYPE html PUBLIC "-//W3C//DTD XHTML 1.0 Transitional//EN"
    "http://www.w3.org/TR/xhtml1/DTD/xhtml1-transitional.dtd">
<html xmlns="http://www.w3.org/1999/xhtml" xml:lang="en" lang="en">
 <head>
  <title>
</title>
<meta http-equiv="Content-Type" content="text/html;charset=utf-8" />
  <meta name='ocr-system' content='tesseract 3.04.00' />
  <meta name='ocr-capabilities' content='ocr_page ocr_carea ocr_par ocr_line ocrx_word'/>
</head>
<body>
  <div class='ocr_page' id='page_1' title='image "./vitavigliiabayt04papegoog_0159.png"; bbox 0 0 3967 5167; ppageno 0'>
   <div class='ocr_carea' id='block_1_1' title="bbox 420 471 1889 690">
    <p class='ocr_par' dir='ltr' id='par_1_1' title="bbox 420 471 1889 690">
     <span class='ocr_line' id='line_1_1' title="bbox 420 471 1889 690; baseline -0.01 -54"><span class='ocrx_word' id='word_1_1' title='bbox 420 471 428 480; x_wconf 58' lang='grc'><strong>’</strong></span> <span class='ocrx_word' id='word_1_2' title='bbox 510 529 1652 654; x_wconf 69' lang='lat' dir='ltr'>r3au1otrrmnruruzuronnnt</span> <span class='ocrx_word' id='word_1_3' title='bbox 1741 523 1748 528; x_wconf 82' lang='lat'>·</span> <span class='ocrx_word' id='word_1_4' title='bbox 1883 582 1889 690; x_wconf 78' lang='lat'>;</span> 
     </span>
    </p>
   </div>
   <div class='ocr_carea' id='block_1_2' title="bbox 366 733 1889 4502">
    <p class='ocr_par' dir='ltr' id='par_1_2' title="bbox 366 725 1889 4502">
     <span class='ocr_line' id='line_1_2' title="bbox 514 733 1720 833; baseline -0.002 -17"><span class='ocrx_word' id='word_1_5' title='bbox 514 739 575 816; x_wconf 85' lang='lat' dir='ltr'>isti</span> <span class='ocrx_word' id='word_1_6' title='bbox 593 743 718 814; x_wconf 88' lang='lat' dir='ltr'>merito</span> <span class='ocrx_word' id='word_1_7' title='bbox 742 737 918 824; x_wconf 87' lang='lat' dir='ltr'>habendi,</span> <span class='ocrx_word' id='word_1_8' title='bbox 943 737 1084 832; x_wconf 90' lang='lat' dir='ltr'>quando</span> <span class='ocrx_word' id='word_1_9' title='bbox 1108 755 1291 833; x_wconf 77' lang='lat' dir='ltr'>tantopere</span> <span class='ocrx_word' id='word_1_10' title='bbox 1317 735 1457 833; x_wconf 79' lang='lat' dir='ltr'>Equitis</span> <span class='ocrx_word' id='word_1_11' title='bbox 1486 761 1547 814; x_wconf 87' lang='lat' dir='ltr'>eos</span> <span class='ocrx_word' id='word_1_12' title='bbox 1571 733 1720 814; x_wconf 73' lang='lat' dir='ltr'>deludat</span> 
     </span>
     <span class='ocr_line' id='line_1_3' title="bbox 521 833 1720 934; baseline -0.002 -22"><span class='ocrx_word' id='word_1_13' title='bbox 521 861 705 934; x_wconf 81' lang='lat' dir='ltr'><strong>agnomen.</strong></span> <span class='ocrx_word' id='word_1_14' title='bbox 754 835 841 910; x_wconf 92' lang='lat' dir='ltr'>Non</span> <span class='ocrx_word' id='word_1_15' title='bbox 864 844 960 930; x_wconf 86' lang='lat' dir='ltr'>nego</span> <span class='ocrx_word' id='word_1_16' title='bbox 976 837 1142 930; x_wconf 89' lang='lat' dir='ltr'>quidem,</span> <span class='ocrx_word' id='word_1_17' title='bbox 1167 833 1381 929; x_wconf 85' lang='lat' dir='ltr'>plebejorum</span> <span class='ocrx_word' id='word_1_18' title='bbox 1412 836 1592 907; x_wconf 91' lang='lat' dir='ltr'>hominum</span> <span class='ocrx_word' id='word_1_19' title='bbox 1617 857 1720 932; x_wconf 86' lang='lat' dir='ltr'>aeque</span> 
     </span>
     <span class='ocr_line' id='line_1_4' title="bbox 461 928 1721 1026; baseline -0.004 -16"><span class='ocrx_word' id='word_1_20' title='bbox 461 970 469 990; x_wconf 68' lang='lat'><em>1</em></span> <span class='ocrx_word' id='word_1_21' title='bbox 520 935 696 1010; x_wconf 77' lang='lat' dir='ltr'><strong>laudabile</strong></span> <span class='ocrx_word' id='word_1_22' title='bbox 719 956 844 1005; x_wconf 84' lang='lat' dir='ltr'>votum</span> <span class='ocrx_word' id='word_1_23' title='bbox 864 931 1028 1016; x_wconf 80' lang='lat' dir='ltr'>existere,</span> <span class='ocrx_word' id='word_1_24' title='bbox 1056 933 1204 1004; x_wconf 91' lang='lat' dir='ltr'>militant</span> <span class='ocrx_word' id='word_1_25' title='bbox 1225 929 1415 1026; x_wconf 85' lang='lat' dir='ltr'>quippe&amp;</span> <span class='ocrx_word' id='word_1_26' title='bbox 1435 931 1507 1018; x_wconf 88' lang='lat' dir='ltr'>illi,</span> <span class='ocrx_word' id='word_1_27' title='bbox 1531 928 1653 1004; x_wconf 79' lang='lat' dir='ltr'>vemm</span> <span class='ocrx_word' id='word_1_28' title='bbox 1668 934 1721 1006; x_wconf 85' lang='lat' dir='ltr'>in·</span> 
     </span>
     <span class='ocr_line' id='line_1_5' title="bbox 522 1001 1889 1122; baseline -0.003 -16"><span class='ocrx_word' id='word_1_29' title='bbox 522 1055 578 1106; x_wconf 91' lang='lat' dir='ltr'>ter</span> <span class='ocrx_word' id='word_1_30' title='bbox 593 1033 719 1104; x_wconf 80' lang='lat' dir='ltr'>milites</span> <span class='ocrx_word' id='word_1_31' title='bbox 739 1031 841 1101; x_wconf 91' lang='lat' dir='ltr'>multi</span> <span class='ocrx_word' id='word_1_32' title='bbox 861 1027 937 1102; x_wconf 85' lang='lat' dir='ltr'>funt</span> <span class='ocrx_word' id='word_1_33' title='bbox 957 1029 1097 1122; x_wconf 83' lang='lat' dir='ltr'>gradus.</span> <span class='ocrx_word' id='word_1_34' title='bbox 1146 1026 1225 1120; x_wconf 87' lang='lat' dir='ltr'>Qui</span> <span class='ocrx_word' id='word_1_35' title='bbox 1252 1051 1380 1122; x_wconf 81' lang='lat' dir='ltr'>genere</span> <span class='ocrx_word' id='word_1_36' title='bbox 1401 1029 1493 1099; x_wconf 89' lang='lat' dir='ltr'>clari</span> <span class='ocrx_word' id='word_1_37' title='bbox 1516 1001 1620 1112; x_wconf 77' lang='lat' dir='ltr'>sunt,</span> <span class='ocrx_word' id='word_1_38' title='bbox 1644 1028 1736 1102; x_wconf 88' lang='lat' dir='ltr'>bal·&#39;</span> <span class='ocrx_word' id='word_1_39' title='bbox 1888 1023 1889 1038; x_wconf 18' lang='grc' dir='ltr'><strong>ἶ</strong></span> 
     </span>
     <span class='ocr_line' id='line_1_6' title="bbox 520 1121 1724 1222; baseline -0.002 -22"><span class='ocrx_word' id='word_1_40' title='bbox 520 1131 662 1210; x_wconf 89' lang='lat' dir='ltr'>theum,</span> <span class='ocrx_word' id='word_1_41' title='bbox 686 1147 867 1222; x_wconf 85' lang='lat' dir='ltr'>torquem,</span> <span class='ocrx_word' id='word_1_42' title='bbox 893 1147 1104 1218; x_wconf 90' lang='lat' dir='ltr'>aureumque</span> <span class='ocrx_word' id='word_1_43' title='bbox 1122 1127 1241 1196; x_wconf 87' lang='lat' dir='ltr'>calcar</span> <span class='ocrx_word' id='word_1_44' title='bbox 1266 1125 1310 1194; x_wconf 89' lang='lat' dir='ltr'>ad</span> <span class='ocrx_word' id='word_1_45' title='bbox 1334 1124 1447 1196; x_wconf 78' lang='lat' dir='ltr'>crucis</span> <span class='ocrx_word' id='word_1_46' title='bbox 1474 1121 1619 1219; x_wconf 78' lang='lat' dir='ltr'>indgnia</span> <span class='ocrx_word' id='word_1_47' title='bbox 1633 1128 1724 1198; x_wconf 85' lang='lat' dir='ltr'>reci·</span> 
     </span>
     <span class='ocr_line' id='line_1_7' title="bbox 440 1219 1721 1320; baseline -0.001 -25"><span class='ocrx_word' id='word_1_48' title='bbox 440 1281 451 1307; x_wconf 52' lang='lat'>,</span> <span class='ocrx_word' id='word_1_49' title='bbox 522 1227 657 1320; x_wconf 90' lang='lat' dir='ltr'>piunt,</span> <span class='ocrx_word' id='word_1_50' title='bbox 692 1224 731 1295; x_wconf 73' lang='grc' dir='ltr'><strong>ἃ</strong></span> <span class='ocrx_word' id='word_1_51' title='bbox 753 1243 893 1316; x_wconf 76' lang='lat' dir='ltr'>aequum</span> <span class='ocrx_word' id='word_1_52' title='bbox 910 1222 990 1305; x_wconf 86' lang='lat' dir='ltr'>est,</span> <span class='ocrx_word' id='word_1_53' title='bbox 1024 1223 1149 1316; x_wconf 88' lang='lat' dir='ltr'>utqui</span> <span class='ocrx_word' id='word_1_54' title='bbox 1175 1219 1503 1314; x_wconf 83' lang='lat' dir='ltr'>genere&amp;virtute</span> <span class='ocrx_word' id='word_1_55' title='bbox 1525 1223 1721 1304; x_wconf 78' lang='lat' dir='ltr'>excellunt,</span> 
     </span>
     <span class='ocr_line' id='line_1_8' title="bbox 523 1313 1723 1415; baseline -0.002 -23"><span class='ocrx_word' id='word_1_56' title='bbox 523 1323 692 1415; x_wconf 88' lang='lat' dir='ltr'>ampliora</span> <span class='ocrx_word' id='word_1_57' title='bbox 720 1340 863 1414; x_wconf 87' lang='lat' dir='ltr'>quoque</span> <span class='ocrx_word' id='word_1_58' title='bbox 885 1319 967 1390; x_wconf 88' lang='lat' dir='ltr'>inde</span> <span class='ocrx_word' id='word_1_59' title='bbox 983 1317 1128 1410; x_wconf 83' lang='lat' dir='ltr'>praemia</span> <span class='ocrx_word' id='word_1_60' title='bbox 1151 1335 1341 1410; x_wconf 84' lang='lat' dir='ltr'>reportent.</span> <span class='ocrx_word' id='word_1_61' title='bbox 1393 1313 1457 1386; x_wconf 83' lang='lat' dir='ltr'>Est</span> <span class='ocrx_word' id='word_1_62' title='bbox 1476 1314 1723 1410; x_wconf 57' lang='lat' dir='ltr'>&amp;Equestris</span> 
     </span>
     <span class='ocr_line' id='line_1_9' title="bbox 366 1407 1723 1510; baseline -0.005 -18"><span class='ocrx_word' id='word_1_63' title='bbox 366 1407 380 1430; x_wconf 81' lang='lat'><em>⁰</em></span> <span class='ocrx_word' id='word_1_64' title='bbox 521 1419 616 1492; x_wconf 89' lang='lat' dir='ltr'>-ordo</span> <span class='ocrx_word' id='word_1_65' title='bbox 632 1417 782 1509; x_wconf 82' lang='lat' dir='ltr'>duplex,</span> <span class='ocrx_word' id='word_1_66' title='bbox 804 1415 948 1510; x_wconf 88' lang='lat' dir='ltr'>quidam</span> <span class='ocrx_word' id='word_1_67' title='bbox 972 1415 1065 1484; x_wconf 87' lang='lat' dir='ltr'>enim</span> <span class='ocrx_word' id='word_1_68' title='bbox 1094 1433 1114 1483; x_wconf 87' lang='lat' dir='ltr'>a</span> <span class='ocrx_word' id='word_1_69' title='bbox 1138 1409 1359 1505; x_wconf 80' lang='lat' dir='ltr'>Principibus</span> <span class='ocrx_word' id='word_1_70' title='bbox 1385 1407 1450 1481; x_wconf 88' lang='lat' dir='ltr'>hac</span> <span class='ocrx_word' id='word_1_71' title='bbox 1475 1411 1645 1506; x_wconf 82' lang='lat' dir='ltr'>dignitate</span> <span class='ocrx_word' id='word_1_72' title='bbox 1666 1435 1723 1485; x_wconf 89' lang='lat' dir='ltr'>or·</span> 
     </span>
     <span class='ocr_line' id='line_1_10' title="bbox 524 1505 1728 1604; baseline -0.006 -18"><span class='ocrx_word' id='word_1_73' title='bbox 524 1533 674 1598; x_wconf 92' lang='lat' dir='ltr'>nantur,</span> <span class='ocrx_word' id='word_1_74' title='bbox 700 1508 739 1582; x_wconf 78' lang='lat' dir='ltr'>dc</span> <span class='ocrx_word' id='word_1_75' title='bbox 763 1513 968 1604; x_wconf 89' lang='lat' dir='ltr'>plerumque</span> <span class='ocrx_word' id='word_1_76' title='bbox 988 1508 1042 1579; x_wconf 92' lang='lat' dir='ltr'>ob</span> <span class='ocrx_word' id='word_1_77' title='bbox 1070 1507 1229 1580; x_wconf 86' lang='lat' dir='ltr'>militaria</span> <span class='ocrx_word' id='word_1_78' title='bbox 1251 1508 1392 1592; x_wconf 80' lang='lat' dir='ltr'>merita3</span> <span class='ocrx_word' id='word_1_79' title='bbox 1417 1505 1476 1577; x_wconf 82' lang='lat' dir='ltr'>alii</span> <span class='ocrx_word' id='word_1_80' title='bbox 1499 1508 1592 1601; x_wconf 86' lang='lat' dir='ltr'>apud</span> <span class='ocrx_word' id='word_1_81' title='bbox 1613 1506 1728 1604; x_wconf 89' lang='lat' dir='ltr'>sepul·</span> 
     </span>
     <span class='ocr_line' id='line_1_11' title="bbox 527 1600 1726 1700; baseline -0.005 -18"><span class='ocrx_word' id='word_1_82' title='bbox 527 1614 652 1682; x_wconf 87' lang='lat' dir='ltr'>chrum</span> <span class='ocrx_word' id='word_1_83' title='bbox 665 1607 829 1693; x_wconf 87' lang='lat' dir='ltr'>Domini,</span> <span class='ocrx_word' id='word_1_84' title='bbox 846 1629 913 1700; x_wconf 89' lang='lat' dir='ltr'>pro</span> <span class='ocrx_word' id='word_1_85' title='bbox 925 1604 1121 1678; x_wconf 85' lang='lat' dir='ltr'>Christiana</span> <span class='ocrx_word' id='word_1_86' title='bbox 1136 1602 1203 1678; x_wconf 90' lang='lat' dir='ltr'>fide</span> <span class='ocrx_word' id='word_1_87' title='bbox 1216 1603 1371 1676; x_wconf 89' lang='lat' dir='ltr'>militiam</span> <span class='ocrx_word' id='word_1_88' title='bbox 1385 1600 1726 1696; x_wconf 83' lang='lat' dir='ltr'>profitentur,dant·</span> 
     </span>
     <span class='ocr_line' id='line_1_12' title="bbox 528 1699 1725 1798; baseline -0.003 -20"><span class='ocrx_word' id='word_1_89' title='bbox 528 1729 596 1798; x_wconf 89' lang='lat' dir='ltr'>que</span> <span class='ocrx_word' id='word_1_90' title='bbox 613 1705 753 1778; x_wconf 89' lang='lat' dir='ltr'>nomina</span> <span class='ocrx_word' id='word_1_91' title='bbox 773 1701 831 1776; x_wconf 89' lang='lat' dir='ltr'>sua</span> <span class='ocrx_word' id='word_1_92' title='bbox 849 1699 1012 1774; x_wconf 73' lang='lat' dir='ltr'>adversius</span> <span class='ocrx_word' id='word_1_93' title='bbox 1031 1721 1232 1775; x_wconf 88' lang='lat' dir='ltr'>communes</span> <span class='ocrx_word' id='word_1_94' title='bbox 1251 1700 1385 1784; x_wconf 88' lang='lat' dir='ltr'>hostes,</span> <span class='ocrx_word' id='word_1_95' title='bbox 1406 1721 1561 1792; x_wconf 91' lang='lat' dir='ltr'>quorum</span> <span class='ocrx_word' id='word_1_96' title='bbox 1581 1700 1617 1770; x_wconf 92' lang='lat' dir='ltr'>in</span> <span class='ocrx_word' id='word_1_97' title='bbox 1640 1723 1725 1776; x_wconf 85' lang='lat' dir='ltr'>con·</span> 
     </span>
     <span class='ocr_line' id='line_1_13' title="bbox 527 1792 1726 1893; baseline -0.001 -20"><span class='ocrx_word' id='word_1_98' title='bbox 527 1799 613 1873; x_wconf 80' lang='lat' dir='ltr'>fello</span> <span class='ocrx_word' id='word_1_99' title='bbox 641 1797 714 1883; x_wconf 88' lang='lat' dir='ltr'>est,</span> <span class='ocrx_word' id='word_1_100' title='bbox 739 1821 783 1872; x_wconf 86' lang='lat' dir='ltr'>eo</span> <span class='ocrx_word' id='word_1_101' title='bbox 810 1798 1011 1893; x_wconf 86' lang='lat' dir='ltr'>praeclarins</span> <span class='ocrx_word' id='word_1_102' title='bbox 1035 1792 1100 1869; x_wconf 80' lang='lat' dir='ltr'>esse</span> <span class='ocrx_word' id='word_1_103' title='bbox 1116 1799 1269 1880; x_wconf 85' lang='lat' dir='ltr'>humen,</span> <span class='ocrx_word' id='word_1_104' title='bbox 1295 1819 1368 1889; x_wconf 91' lang='lat' dir='ltr'>quo</span> <span class='ocrx_word' id='word_1_105' title='bbox 1387 1794 1508 1888; x_wconf 78' lang='lat' dir='ltr'>justius</span> <span class='ocrx_word' id='word_1_106' title='bbox 1527 1797 1658 1870; x_wconf 84' lang='lat' dir='ltr'>bellurn</span> <span class='ocrx_word' id='word_1_107' title='bbox 1680 1796 1726 1872; x_wconf 66' lang='lat' dir='ltr'>dt</span> 
     </span>
     <span class='ocr_line' id='line_1_14' title="bbox 528 1889 1726 1984; baseline -0.005 -14"><span class='ocrx_word' id='word_1_108' title='bbox 528 1899 651 1970; x_wconf 85' lang='lat' dir='ltr'>militia</span> <span class='ocrx_word' id='word_1_109' title='bbox 667 1893 829 1968; x_wconf 82' lang='lat' dir='ltr'>adversita</span> <span class='ocrx_word' id='word_1_110' title='bbox 848 1891 1056 1966; x_wconf 78' lang='lat' dir='ltr'>Chriluanae</span> <span class='ocrx_word' id='word_1_111' title='bbox 1072 1890 1154 1964; x_wconf 84' lang='lat' dir='ltr'>fidei</span> <span class='ocrx_word' id='word_1_112' title='bbox 1181 1889 1318 1976; x_wconf 88' lang='lat' dir='ltr'>hostes,</span> <span class='ocrx_word' id='word_1_113' title='bbox 1343 1911 1447 1984; x_wconf 87' lang='lat' dir='ltr'>quam</span> <span class='ocrx_word' id='word_1_114' title='bbox 1474 1911 1596 1964; x_wconf 84' lang='lat' dir='ltr'>eontra</span> <span class='ocrx_word' id='word_1_115' title='bbox 1619 1891 1726 1966; x_wconf 81' lang='lat' dir='ltr'>finiti-</span> 
     </span>
     <span class='ocr_line' id='line_1_15' title="bbox 528 1986 1725 2088; baseline -0.003 -22"><span class='ocrx_word' id='word_1_116' title='bbox 528 2017 605 2066; x_wconf 85' lang='lat' dir='ltr'>mos</span> <span class='ocrx_word' id='word_1_117' title='bbox 626 1993 779 2088; x_wconf 85' lang='lat' dir='ltr'>populos</span> <span class='ocrx_word' id='word_1_118' title='bbox 807 1987 976 2084; x_wconf 81' lang='lat' dir='ltr'>religione</span> <span class='ocrx_word' id='word_1_119' title='bbox 1004 1987 1107 2061; x_wconf 89' lang='lat' dir='ltr'>nobis</span> <span class='ocrx_word' id='word_1_120' title='bbox 1134 1986 1418 2070; x_wconf 87' lang='lat' dir='ltr'>consentientes,</span> <span class='ocrx_word' id='word_1_121' title='bbox 1450 1987 1493 2062; x_wconf 70' lang='grc' dir='ltr'>ἀ</span> <span class='ocrx_word' id='word_1_122' title='bbox 1526 2006 1657 2062; x_wconf 88' lang='lat' dir='ltr'>tanturn</span> <span class='ocrx_word' id='word_1_123' title='bbox 1681 1989 1725 2063; x_wconf 82' lang='lat' dir='ltr'>de</span> 
     </span>
     <span class='ocr_line' id='line_1_16' title="bbox 529 2082 1726 2180; baseline -0.005 -18"><span class='ocrx_word' id='word_1_124' title='bbox 529 2089 656 2162; x_wconf 85' lang='lat' dir='ltr'>finibus</span> <span class='ocrx_word' id='word_1_125' title='bbox 679 2085 930 2180; x_wconf 80' lang='lat' dir='ltr'>disceptantes,</span> <span class='ocrx_word' id='word_1_126' title='bbox 952 2084 1149 2176; x_wconf 86' lang='lat' dir='ltr'>suscipitur.</span> <span class='ocrx_word' id='word_1_127' title='bbox 1199 2082 1508 2177; x_wconf 79' lang='lat' dir='ltr'>Quemadmodum</span> <span class='ocrx_word' id='word_1_128' title='bbox 1535 2103 1651 2160; x_wconf 72' lang='lat' dir='ltr'>autem</span> <span class='ocrx_word' id='word_1_129' title='bbox 1675 2085 1726 2158; x_wconf 77' lang='lat' dir='ltr'>ia·</span> 
     </span>
     <span class='ocr_line' id='line_1_17' title="bbox 526 2177 1726 2273; baseline -0.005 -14"><span class='ocrx_word' id='word_1_130' title='bbox 526 2207 585 2260; x_wconf 89' lang='lat' dir='ltr'>ter</span> <span class='ocrx_word' id='word_1_131' title='bbox 608 2181 782 2258; x_wconf 70' lang='lat' dir='ltr'>Doctores</span> <span class='ocrx_word' id='word_1_132' title='bbox 803 2181 927 2254; x_wconf 89' lang='lat' dir='ltr'>artium</span> <span class='ocrx_word' id='word_1_133' title='bbox 949 2183 988 2254; x_wconf 76' lang='grc' dir='ltr'>δι</span> <span class='ocrx_word' id='word_1_134' title='bbox 1014 2177 1268 2273; x_wconf 90' lang='lat' dir='ltr'>disciplinarum</span> <span class='ocrx_word' id='word_1_135' title='bbox 1296 2180 1322 2250; x_wconf 90' lang='lat' dir='ltr'>ii</span> <span class='ocrx_word' id='word_1_136' title='bbox 1354 2181 1501 2254; x_wconf 80' lang='lat' dir='ltr'>maxime</span> <span class='ocrx_word' id='word_1_137' title='bbox 1530 2183 1726 2266; x_wconf 86' lang='lat' dir='ltr'>excellunt,</span> 
     </span>
     <span class='ocr_line' id='line_1_18' title="bbox 530 2274 1728 2376; baseline -0.003 -22"><span class='ocrx_word' id='word_1_138' title='bbox 530 2283 593 2375; x_wconf 91' lang='lat' dir='ltr'>qui</span> <span class='ocrx_word' id='word_1_139' title='bbox 616 2304 701 2354; x_wconf 85' lang='lat' dir='ltr'>vera</span> <span class='ocrx_word' id='word_1_140' title='bbox 727 2274 957 2376; x_wconf 85' lang='lat' dir='ltr'>profeffione,</span> <span class='ocrx_word' id='word_1_141' title='bbox 982 2278 1203 2370; x_wconf 90' lang='lat' dir='ltr'>docendique</span> <span class='ocrx_word' id='word_1_142' title='bbox 1227 2297 1371 2350; x_wconf 87' lang='lat' dir='ltr'>munere</span> <span class='ocrx_word' id='word_1_143' title='bbox 1403 2297 1530 2349; x_wconf 88' lang='lat' dir='ltr'>nomen</span> <span class='ocrx_word' id='word_1_144' title='bbox 1556 2278 1626 2354; x_wconf 90' lang='lat' dir='ltr'>hoc</span> <span class='ocrx_word' id='word_1_145' title='bbox 1650 2275 1728 2352; x_wconf 83' lang='lat' dir='ltr'>sunt</span> 
     </span>
     <span class='ocr_line' id='line_1_19' title="bbox 530 2369 1729 2474; baseline -0.002 -24"><span class='ocrx_word' id='word_1_146' title='bbox 530 2378 732 2474; x_wconf 86' lang='lat' dir='ltr'>promeriti,</span> <span class='ocrx_word' id='word_1_147' title='bbox 757 2397 828 2446; x_wconf 93' lang='lat' dir='ltr'>non</span> <span class='ocrx_word' id='word_1_148' title='bbox 843 2373 903 2468; x_wconf 93' lang='lat' dir='ltr'>qui</span> <span class='ocrx_word' id='word_1_149' title='bbox 918 2374 1015 2445; x_wconf 90' lang='lat' dir='ltr'>inani</span> <span class='ocrx_word' id='word_1_150' title='bbox 1030 2370 1063 2446; x_wconf 91' lang='lat' dir='ltr'>se</span> <span class='ocrx_word' id='word_1_151' title='bbox 1081 2373 1185 2447; x_wconf 85' lang='lat' dir='ltr'>titulo</span> <span class='ocrx_word' id='word_1_152' title='bbox 1208 2374 1410 2456; x_wconf 88' lang='lat' dir='ltr'>venditant,</span> <span class='ocrx_word' id='word_1_153' title='bbox 1435 2369 1482 2444; x_wconf 83' lang='lat' dir='ltr'>fic</span> <span class='ocrx_word' id='word_1_154' title='bbox 1502 2372 1654 2460; x_wconf 76' lang='lat' dir='ltr'>duilius,</span> <span class='ocrx_word' id='word_1_155' title='bbox 1680 2373 1729 2448; x_wconf 72' lang='lat' dir='ltr'>u</span> 
     </span>
     <span class='ocr_line' id='line_1_20' title="bbox 533 2467 1730 2568; baseline 0 -23"><span class='ocrx_word' id='word_1_156' title='bbox 533 2473 677 2568; x_wconf 86' lang='lat' dir='ltr'>questris</span> <span class='ocrx_word' id='word_1_157' title='bbox 701 2472 834 2544; x_wconf 84' lang='lat' dir='ltr'>militiae</span> <span class='ocrx_word' id='word_1_158' title='bbox 849 2469 1020 2543; x_wconf 80' lang='lat' dir='ltr'>honorem</span> <span class='ocrx_word' id='word_1_159' title='bbox 1043 2468 1180 2562; x_wconf 91' lang='lat' dir='ltr'>optimo</span> <span class='ocrx_word' id='word_1_160' title='bbox 1197 2467 1258 2542; x_wconf 84' lang='lat' dir='ltr'>sthi</span> <span class='ocrx_word' id='word_1_161' title='bbox 1273 2473 1353 2564; x_wconf 87' lang='lat' dir='ltr'>jure</span> <span class='ocrx_word' id='word_1_162' title='bbox 1375 2467 1560 2542; x_wconf 81' lang='lat' dir='ltr'>vendicare</span> <span class='ocrx_word' id='word_1_163' title='bbox 1581 2493 1653 2543; x_wconf 93' lang='lat' dir='ltr'>non</span> <span class='ocrx_word' id='word_1_164' title='bbox 1679 2468 1730 2545; x_wconf 85' lang='lat' dir='ltr'>est</span> 
     </span>
     <span class='ocr_line' id='line_1_21' title="bbox 533 2563 1806 2662; baseline -0.006 -18"><span class='ocrx_word' id='word_1_165' title='bbox 533 2573 701 2655; x_wconf 88' lang='lat' dir='ltr'>dubium,</span> <span class='ocrx_word' id='word_1_166' title='bbox 722 2571 785 2662; x_wconf 90' lang='lat' dir='ltr'>qui</span> <span class='ocrx_word' id='word_1_167' title='bbox 811 2586 865 2638; x_wconf 91' lang='lat' dir='ltr'>tot</span> <span class='ocrx_word' id='word_1_168' title='bbox 900 2563 1025 2637; x_wconf 70' lang='lat' dir='ltr'>fludlus</span> <span class='ocrx_word' id='word_1_169' title='bbox 1050 2585 1296 2652; x_wconf 71' lang='lat' dir='ltr'>contemnere,</span> <span class='ocrx_word' id='word_1_170' title='bbox 1324 2585 1397 2638; x_wconf 78' lang='lat' dir='ltr'>tarn</span> <span class='ocrx_word' id='word_1_171' title='bbox 1419 2565 1558 2660; x_wconf 82' lang='lat' dir='ltr'>longam</span> <span class='ocrx_word' id='word_1_172' title='bbox 1579 2567 1622 2642; x_wconf 74' lang='lat' dir='ltr'>dc</span> <span class='ocrx_word' id='word_1_173' title='bbox 1642 2565 1731 2640; x_wconf 86' lang='lat' dir='ltr'>diffi·</span> <span class='ocrx_word' id='word_1_174' title='bbox 1802 2617 1806 2626; x_wconf 82' lang='grc'><em>.</em></span> 
     </span>
     <span class='ocr_line' id='line_1_22' title="bbox 533 2660 1732 2760; baseline -0.004 -21"><span class='ocrx_word' id='word_1_175' title='bbox 533 2667 635 2740; x_wconf 89' lang='lat' dir='ltr'>cilem</span> <span class='ocrx_word' id='word_1_176' title='bbox 654 2663 968 2760; x_wconf 83' lang='lat' dir='ltr'>peregrinationem</span> <span class='ocrx_word' id='word_1_177' title='bbox 988 2660 1076 2733; x_wconf 89' lang='lat' dir='ltr'>inire</span> <span class='ocrx_word' id='word_1_178' title='bbox 1099 2683 1171 2733; x_wconf 92' lang='lat' dir='ltr'>non</span> <span class='ocrx_word' id='word_1_179' title='bbox 1191 2661 1461 2748; x_wconf 77' lang='lat' dir='ltr'>dubitaverunt,</span> <span class='ocrx_word' id='word_1_180' title='bbox 1484 2663 1635 2756; x_wconf 89' lang='lat' dir='ltr'>primum</span> <span class='ocrx_word' id='word_1_181' title='bbox 1656 2685 1732 2749; x_wconf 88' lang='lat' dir='ltr'>orn·</span> 
     </span>
     <span class='ocr_line' id='line_1_23' title="bbox 534 2754 1732 2852; baseline -0.005 -16"><span class='ocrx_word' id='word_1_182' title='bbox 534 2764 631 2836; x_wconf 88' lang='lat' dir='ltr'>nium</span> <span class='ocrx_word' id='word_1_183' title='bbox 644 2781 685 2836; x_wconf 85' lang='lat' dir='ltr'>ut</span> <span class='ocrx_word' id='word_1_184' title='bbox 703 2761 740 2830; x_wconf 90' lang='lat' dir='ltr'>in</span> <span class='ocrx_word' id='word_1_185' title='bbox 758 2754 957 2832; x_wconf 69' lang='lat' dir='ltr'>sanstiffimo</span> <span class='ocrx_word' id='word_1_186' title='bbox 974 2757 1076 2845; x_wconf 87' lang='lat' dir='ltr'>loco,</span> <span class='ocrx_word' id='word_1_187' title='bbox 1092 2757 1155 2830; x_wconf 90' lang='lat' dir='ltr'>ubi</span> <span class='ocrx_word' id='word_1_188' title='bbox 1173 2757 1336 2829; x_wconf 86' lang='lat' dir='ltr'>steterunt</span> <span class='ocrx_word' id='word_1_189' title='bbox 1356 2759 1466 2850; x_wconf 83' lang='lat' dir='ltr'>pedes</span> <span class='ocrx_word' id='word_1_190' title='bbox 1484 2757 1580 2852; x_wconf 85' lang='lat' dir='ltr'>ejus,</span> <span class='ocrx_word' id='word_1_191' title='bbox 1606 2757 1732 2832; x_wconf 89' lang='lat' dir='ltr'>Domi·</span> 
     </span>
     <span class='ocr_line' id='line_1_24' title="bbox 534 2851 1732 2948; baseline -0.003 -16"><span class='ocrx_word' id='word_1_192' title='bbox 534 2861 620 2932; x_wconf 87' lang='lat' dir='ltr'>irum</span> <span class='ocrx_word' id='word_1_193' title='bbox 643 2856 849 2937; x_wconf 86' lang='lat' dir='ltr'>adorarent,</span> <span class='ocrx_word' id='word_1_194' title='bbox 874 2875 947 2927; x_wconf 89' lang='lat' dir='ltr'>turn</span> <span class='ocrx_word' id='word_1_195' title='bbox 969 2854 1079 2939; x_wconf 73' lang='lat' dir='ltr'>verro,</span> <span class='ocrx_word' id='word_1_196' title='bbox 1105 2873 1145 2926; x_wconf 87' lang='lat' dir='ltr'>ut</span> <span class='ocrx_word' id='word_1_197' title='bbox 1171 2851 1322 2926; x_wconf 90' lang='lat' dir='ltr'>serarum</span> <span class='ocrx_word' id='word_1_198' title='bbox 1345 2851 1499 2948; x_wconf 88' lang='lat' dir='ltr'>gentium</span> <span class='ocrx_word' id='word_1_199' title='bbox 1514 2855 1732 2930; x_wconf 86' lang='lat' dir='ltr'>immanium-</span> 
     </span>
     <span class='ocr_line' id='line_1_25' title="bbox 561 2945 1732 3044; baseline -0.003 -17"><span class='ocrx_word' id='word_1_200' title='bbox 561 2977 604 3027; x_wconf 90' lang='lat' dir='ltr'>ue</span> <span class='ocrx_word' id='word_1_201' title='bbox 621 2951 769 3025; x_wconf 87' lang='lat' dir='ltr'>hostium</span> <span class='ocrx_word' id='word_1_202' title='bbox 792 2971 903 3023; x_wconf 86' lang='lat' dir='ltr'>mores</span> <span class='ocrx_word' id='word_1_203' title='bbox 925 2945 1242 3043; x_wconf 83' lang='lat' dir='ltr'>perscrutarentur,</span> <span class='ocrx_word' id='word_1_204' title='bbox 1269 2972 1341 3044; x_wconf 90' lang='lat' dir='ltr'>quo</span> <span class='ocrx_word' id='word_1_205' title='bbox 1361 2947 1397 3022; x_wconf 89' lang='lat' dir='ltr'>se</span> <span class='ocrx_word' id='word_1_206' title='bbox 1421 2949 1540 3024; x_wconf 79' lang='lat' dir='ltr'>Duces</span> <span class='ocrx_word' id='word_1_207' title='bbox 1570 2948 1609 3022; x_wconf 73' lang='grc' dir='ltr'>δι</span> <span class='ocrx_word' id='word_1_208' title='bbox 1638 2973 1732 3026; x_wconf 90' lang='lat' dir='ltr'>ante·</span> 
     </span>
     <span class='ocr_line' id='line_1_26' title="bbox 430 2979 1731 3146; baseline -0.001 -24"><span class='ocrx_word' id='word_1_209' title='bbox 430 3132 434 3140; x_wconf 28' lang='lat'><strong><em>¹</em></strong></span> <span class='ocrx_word' id='word_1_210' title='bbox 535 2979 696 3146; x_wconf 46' lang='lat' dir='ltr'>agrianos</span> <span class='ocrx_word' id='word_1_211' title='bbox 714 3043 917 3142; x_wconf 73' lang='lat' dir='ltr'>prebeant,</span> <span class='ocrx_word' id='word_1_212' title='bbox 942 3044 967 3118; x_wconf 89' lang='lat' dir='ltr'>li</span> <span class='ocrx_word' id='word_1_213' title='bbox 993 3048 1133 3137; x_wconf 84' lang='lat' dir='ltr'>quando</span> <span class='ocrx_word' id='word_1_214' title='bbox 1157 3043 1304 3120; x_wconf 82' lang='lat' dir='ltr'>mascula</span> <span class='ocrx_word' id='word_1_215' title='bbox 1332 3047 1390 3118; x_wconf 87' lang='lat' dir='ltr'>illa</span> <span class='ocrx_word' id='word_1_216' title='bbox 1408 3049 1542 3134; x_wconf 71' lang='lat' dir='ltr'>virum,</span> <span class='ocrx_word' id='word_1_217' title='bbox 1566 3068 1637 3141; x_wconf 84' lang='lat' dir='ltr'>qua</span> <span class='ocrx_word' id='word_1_218' title='bbox 1660 3069 1731 3121; x_wconf 86' lang='lat' dir='ltr'>ma·</span> 
     </span>
     <span class='ocr_line' id='line_1_27' title="bbox 514 3139 1734 3242; baseline 0.001 -23"><span class='ocrx_word' id='word_1_219' title='bbox 514 3150 625 3242; x_wconf 34' lang='lat' dir='ltr'>,iores</span> <span class='ocrx_word' id='word_1_220' title='bbox 644 3145 750 3217; x_wconf 64' lang='lat' dir='ltr'>nostri</span> <span class='ocrx_word' id='word_1_221' title='bbox 773 3139 937 3214; x_wconf 89' lang='lat' dir='ltr'>adversus</span> <span class='ocrx_word' id='word_1_222' title='bbox 957 3140 1189 3238; x_wconf 81' lang='lat' dir='ltr'>AEgyptiam,</span> <span class='ocrx_word' id='word_1_223' title='bbox 1214 3140 1526 3238; x_wconf 85' lang='lat' dir='ltr'>Saracenicamque</span> <span class='ocrx_word' id='word_1_224' title='bbox 1549 3142 1663 3230; x_wconf 88' lang='lat' dir='ltr'>luem,</span> <span class='ocrx_word' id='word_1_225' title='bbox 1695 3145 1734 3220; x_wconf 74' lang='grc' dir='ltr'>δι</span> 
     </span>
     <span class='ocr_line' id='line_1_28' title="bbox 537 3235 1732 3320; baseline -0.002 -6"><span class='ocrx_word' id='word_1_226' title='bbox 537 3241 726 3314; x_wconf 75' lang='lat' dir='ltr'>‘surcicam</span> <span class='ocrx_word' id='word_1_227' title='bbox 749 3237 921 3310; x_wconf 83' lang='lat' dir='ltr'>feritatem</span> <span class='ocrx_word' id='word_1_228' title='bbox 953 3235 1003 3309; x_wconf 85' lang='lat' dir='ltr'>ust</span> <span class='ocrx_word' id='word_1_229' title='bbox 1030 3237 1127 3320; x_wconf 89' lang='lat' dir='ltr'>sunt,</span> <span class='ocrx_word' id='word_1_230' title='bbox 1152 3237 1316 3310; x_wconf 88' lang='lat' dir='ltr'>innubis</span> <span class='ocrx_word' id='word_1_231' title='bbox 1342 3235 1550 3311; x_wconf 85' lang='lat' dir='ltr'>renascatur.</span> <span class='ocrx_word' id='word_1_232' title='bbox 1601 3235 1732 3314; x_wconf 68' lang='lat' dir='ltr'>Excel-</span> 
     </span>
     <span class='ocr_line' id='line_1_29' title="bbox 537 3331 1735 3432; baseline -0.003 -19"><span class='ocrx_word' id='word_1_233' title='bbox 537 3343 615 3413; x_wconf 92' lang='lat' dir='ltr'>lunt</span> <span class='ocrx_word' id='word_1_234' title='bbox 641 3337 749 3432; x_wconf 75' lang='lat' dir='ltr'>igitur</span> <span class='ocrx_word' id='word_1_235' title='bbox 771 3337 862 3406; x_wconf 87' lang='lat' dir='ltr'>inter</span> <span class='ocrx_word' id='word_1_236' title='bbox 890 3333 1017 3407; x_wconf 79' lang='lat' dir='ltr'>milites</span> <span class='ocrx_word' id='word_1_237' title='bbox 1044 3337 1067 3406; x_wconf 89' lang='lat' dir='ltr'>ii</span> <span class='ocrx_word' id='word_1_238' title='bbox 1095 3333 1155 3428; x_wconf 90' lang='lat' dir='ltr'>qui</span> <span class='ocrx_word' id='word_1_239' title='bbox 1175 3331 1338 3428; x_wconf 82' lang='lat' dir='ltr'>Equestri</span> <span class='ocrx_word' id='word_1_240' title='bbox 1363 3335 1474 3428; x_wconf 82' lang='lat' dir='ltr'>gradu</span> <span class='ocrx_word' id='word_1_241' title='bbox 1489 3335 1607 3408; x_wconf 87' lang='lat' dir='ltr'>ornati</span> <span class='ocrx_word' id='word_1_242' title='bbox 1626 3331 1735 3422; x_wconf 89' lang='lat' dir='ltr'>sunt,</span> 
     </span>
     <span class='ocr_line' id='line_1_30' title="bbox 537 3425 1736 3530; baseline -0.004 -21"><span class='ocrx_word' id='word_1_243' title='bbox 537 3457 646 3530; x_wconf 85' lang='lat' dir='ltr'>atque</span> <span class='ocrx_word' id='word_1_244' title='bbox 663 3436 753 3504; x_wconf 88' lang='lat' dir='ltr'>inter</span> <span class='ocrx_word' id='word_1_245' title='bbox 772 3431 837 3502; x_wconf 86' lang='lat' dir='ltr'>hoa</span> <span class='ocrx_word' id='word_1_246' title='bbox 860 3430 986 3502; x_wconf 85' lang='lat' dir='ltr'>iterum</span> <span class='ocrx_word' id='word_1_247' title='bbox 1005 3425 1059 3501; x_wconf 87' lang='lat' dir='ltr'>isti</span> <span class='ocrx_word' id='word_1_248' title='bbox 1078 3451 1227 3524; x_wconf 86' lang='lat' dir='ltr'>quorum</span> <span class='ocrx_word' id='word_1_249' title='bbox 1240 3451 1297 3518; x_wconf 80' lang='lat' dir='ltr'>tu,</span> <span class='ocrx_word' id='word_1_250' title='bbox 1316 3425 1535 3503; x_wconf 85' lang='lat' dir='ltr'>Omatilsrrue</span> <span class='ocrx_word' id='word_1_251' title='bbox 1547 3429 1736 3519; x_wconf 81' lang='lat' dir='ltr'>Wlhehrre,</span> 
     </span>
     <span class='ocr_line' id='line_1_31' title="bbox 537 3523 1738 3625; baseline -0.001 -22"><span class='ocrx_word' id='word_1_252' title='bbox 537 3545 687 3604; x_wconf 90' lang='lat' dir='ltr'>nurnero</span> <span class='ocrx_word' id='word_1_253' title='bbox 703 3523 864 3599; x_wconf 82' lang='lat' dir='ltr'>accensus</span> <span class='ocrx_word' id='word_1_254' title='bbox 889 3549 941 3599; x_wconf 82' lang='lat' dir='ltr'>ea.</span> <span class='ocrx_word' id='word_1_255' title='bbox 988 3523 1085 3598; x_wconf 77' lang='lat' dir='ltr'>Cium</span> <span class='ocrx_word' id='word_1_256' title='bbox 1103 3549 1168 3599; x_wconf 90' lang='lat' dir='ltr'>vos</span> <span class='ocrx_word' id='word_1_257' title='bbox 1193 3547 1262 3597; x_wconf 90' lang='lat' dir='ltr'>non</span> <span class='ocrx_word' id='word_1_258' title='bbox 1288 3525 1418 3608; x_wconf 78' lang='lat' dir='ltr'>modo,</span> <span class='ocrx_word' id='word_1_259' title='bbox 1445 3525 1566 3598; x_wconf 86' lang='lat' dir='ltr'>eadem</span> <span class='ocrx_word' id='word_1_260' title='bbox 1589 3526 1738 3625; x_wconf 83' lang='lat' dir='ltr'>insignia</span> 
     </span>
     <span class='ocr_line' id='line_1_32' title="bbox 539 3617 1737 3718; baseline -0.003 -17"><span class='ocrx_word' id='word_1_261' title='bbox 539 3624 746 3717; x_wconf 88' lang='lat' dir='ltr'>eosdemque</span> <span class='ocrx_word' id='word_1_262' title='bbox 762 3625 913 3695; x_wconf 86' lang='lat' dir='ltr'>honores</span> <span class='ocrx_word' id='word_1_263' title='bbox 940 3622 1122 3715; x_wconf 87' lang='lat' dir='ltr'>promeriti</span> <span class='ocrx_word' id='word_1_264' title='bbox 1150 3617 1243 3707; x_wconf 82' lang='lat' dir='ltr'>sitis,</span> <span class='ocrx_word' id='word_1_265' title='bbox 1268 3619 1327 3694; x_wconf 80' lang='lat' dir='ltr'>sed</span> <span class='ocrx_word' id='word_1_266' title='bbox 1353 3624 1457 3696; x_wconf 90' lang='lat' dir='ltr'>etiarn</span> <span class='ocrx_word' id='word_1_267' title='bbox 1481 3625 1737 3718; x_wconf 86' lang='lat' dir='ltr'>peregrinatio·</span> 
     </span>
     <span class='ocr_line' id='line_1_33' title="bbox 539 3715 1737 3818; baseline -0.001 -21"><span class='ocrx_word' id='word_1_268' title='bbox 539 3727 594 3797; x_wconf 89' lang='lat' dir='ltr'>nis</span> <span class='ocrx_word' id='word_1_269' title='bbox 612 3717 793 3817; x_wconf 85' lang='lat' dir='ltr'>religionis</span> <span class='ocrx_word' id='word_1_270' title='bbox 809 3741 856 3791; x_wconf 92' lang='lat' dir='ltr'>ue</span> <span class='ocrx_word' id='word_1_271' title='bbox 875 3717 1019 3818; x_wconf 82' lang='lat' dir='ltr'>favore,</span> <span class='ocrx_word' id='word_1_272' title='bbox 1046 3716 1181 3792; x_wconf 75' lang='lat' dir='ltr'>caereris</span> <span class='ocrx_word' id='word_1_273' title='bbox 1197 3719 1462 3814; x_wconf 83' lang='lat' dir='ltr'>praeponamini.</span> <span class='ocrx_word' id='word_1_274' title='bbox 1514 3715 1621 3794; x_wconf 85' lang='lat' dir='ltr'>Dicat</span> <span class='ocrx_word' id='word_1_275' title='bbox 1645 3721 1737 3796; x_wconf 86' lang='lat' dir='ltr'>ve&#39;rd</span> 
     </span>
     <span class='ocr_line' id='line_1_34' title="bbox 540 3811 1739 3912; baseline -0.001 -19"><span class='ocrx_word' id='word_1_276' title='bbox 540 3821 602 3893; x_wconf 85' lang='lat' dir='ltr'>hie</span> <span class='ocrx_word' id='word_1_277' title='bbox 625 3816 767 3912; x_wconf 84' lang='lat' dir='ltr'>aliquis:</span> <span class='ocrx_word' id='word_1_278' title='bbox 831 3837 899 3887; x_wconf 89' lang='lat' dir='ltr'>une</span> <span class='ocrx_word' id='word_1_279' title='bbox 920 3837 1004 3909; x_wconf 89' lang='lat' dir='ltr'>ergo</span> <span class='ocrx_word' id='word_1_280' title='bbox 1024 3813 1191 3908; x_wconf 89' lang='lat' dir='ltr'>Equitem</span> <span class='ocrx_word' id='word_1_281' title='bbox 1212 3811 1368 3899; x_wconf 83' lang='lat' dir='ltr'>viselle,</span> <span class='ocrx_word' id='word_1_282' title='bbox 1393 3811 1573 3909; x_wconf 86' lang='lat' dir='ltr'>quisacris</span> <span class='ocrx_word' id='word_1_283' title='bbox 1589 3816 1739 3892; x_wconf 85' lang='lat' dir='ltr'>destina·</span> 
     </span>
     <span class='ocr_line' id='line_1_35' title="bbox 540 3907 1739 3998; baseline -0.001 -12"><span class='ocrx_word' id='word_1_284' title='bbox 540 3927 619 3998; x_wconf 87' lang='lat' dir='ltr'>tus,</span> <span class='ocrx_word' id='word_1_285' title='bbox 644 3913 699 3987; x_wconf 85' lang='lat' dir='ltr'>vel</span> <span class='ocrx_word' id='word_1_286' title='bbox 724 3913 877 3986; x_wconf 86' lang='lat' dir='ltr'>initiatus</span> <span class='ocrx_word' id='word_1_287' title='bbox 902 3908 978 3983; x_wconf 74' lang='lat' dir='ltr'>est?</span> <span class='ocrx_word' id='word_1_288' title='bbox 1002 3907 1105 3998; x_wconf 82' lang='lat' dir='ltr'>Quid</span> <span class='ocrx_word' id='word_1_289' title='bbox 1125 3931 1308 3984; x_wconf 89' lang='lat' dir='ltr'>commune</span> <span class='ocrx_word' id='word_1_290' title='bbox 1334 3909 1527 3984; x_wconf 73' lang='lat' dir='ltr'>sacerdotio</span> <span class='ocrx_word' id='word_1_291' title='bbox 1552 3933 1631 3986; x_wconf 90' lang='lat' dir='ltr'>cum</span> <span class='ocrx_word' id='word_1_292' title='bbox 1649 3914 1739 3990; x_wconf 88' lang='lat' dir='ltr'>mili·</span> 
     </span>
     <span class='ocr_line' id='line_1_36' title="bbox 528 4005 1740 4102; baseline -0.002 -19"><span class='ocrx_word' id='word_1_293' title='bbox 528 4009 620 4083; x_wconf 77' lang='lat' dir='ltr'>·tia?</span> <span class='ocrx_word' id='word_1_294' title='bbox 642 4007 743 4097; x_wconf 89' lang='lat' dir='ltr'>Quid</span> <span class='ocrx_word' id='word_1_295' title='bbox 764 4007 866 4082; x_wconf 83' lang='lat' dir='ltr'>saeris</span> <span class='ocrx_word' id='word_1_296' title='bbox 881 4020 964 4081; x_wconf 85' lang='lat' dir='ltr'>cum&#39;</span> <span class='ocrx_word' id='word_1_297' title='bbox 982 4005 1110 4080; x_wconf 72' lang='lat' dir='ltr'>armis?</span> <span class='ocrx_word' id='word_1_298' title='bbox 1134 4005 1215 4080; x_wconf 90' lang='lat' dir='ltr'>Scio</span> <span class='ocrx_word' id='word_1_299' title='bbox 1232 4007 1391 4102; x_wconf 88' lang='lat' dir='ltr'>equidem</span> <span class='ocrx_word' id='word_1_300' title='bbox 1410 4008 1598 4080; x_wconf 76' lang='lat' dir='ltr'>Gratianum</span> <span class='ocrx_word' id='word_1_301' title='bbox 1619 4009 1740 4082; x_wconf 80' lang='lat' dir='ltr'>multis</span> 
     </span>
     <span class='ocr_line' id='line_1_37' title="bbox 541 4099 1741 4201; baseline -0.002 -21"><span class='ocrx_word' id='word_1_302' title='bbox 541 4105 812 4180; x_wconf 78' lang='lat' dir='ltr'>authoritatibus</span> <span class='ocrx_word' id='word_1_303' title='bbox 833 4127 957 4201; x_wconf 87' lang='lat' dir='ltr'>agere,</span> <span class='ocrx_word' id='word_1_304' title='bbox 983 4105 1055 4198; x_wconf 90' lang='lat' dir='ltr'>qud</span> <span class='ocrx_word' id='word_1_305' title='bbox 1075 4101 1240 4176; x_wconf 77' lang='lat' dir='ltr'>ostendat</span> <span class='ocrx_word' id='word_1_306' title='bbox 1260 4103 1407 4176; x_wconf 84' lang='lat' dir='ltr'>Clerieia</span> <span class='ocrx_word' id='word_1_307' title='bbox 1435 4099 1653 4177; x_wconf 79' lang='lat' dir='ltr'>interdistam</span> <span class='ocrx_word' id='word_1_308' title='bbox 1673 4101 1741 4180; x_wconf 84' lang='lat' dir='ltr'>else</span> 
     </span>
     <span class='ocr_line' id='line_1_38' title="bbox 541 4196 1743 4289; baseline 0.002 -15"><span class='ocrx_word' id='word_1_309' title='bbox 541 4201 717 4275; x_wconf 75' lang='lat' dir='ltr'>militiamr</span> <span class='ocrx_word' id='word_1_310' title='bbox 743 4199 800 4274; x_wconf 90' lang='lat' dir='ltr'>sed</span> <span class='ocrx_word' id='word_1_311' title='bbox 816 4223 860 4274; x_wconf 87' lang='lat' dir='ltr'>an</span> <span class='ocrx_word' id='word_1_312' title='bbox 876 4198 1110 4274; x_wconf 88' lang='lat' dir='ltr'>consentiente</span> <span class='ocrx_word' id='word_1_313' title='bbox 1123 4196 1319 4289; x_wconf 86' lang='lat' dir='ltr'>Pontihce‚</span> <span class='ocrx_word' id='word_1_314' title='bbox 1342 4199 1445 4271; x_wconf 91' lang='lat' dir='ltr'>liceat</span> <span class='ocrx_word' id='word_1_315' title='bbox 1461 4221 1554 4272; x_wconf 86' lang='lat' dir='ltr'>arma</span> <span class='ocrx_word' id='word_1_316' title='bbox 1578 4199 1743 4276; x_wconf 74' lang='lat' dir='ltr'>adversus</span> 
     </span>
     <span class='ocr_line' id='line_1_39' title="bbox 541 4293 1741 4391; baseline 0.002 -21"><span class='ocrx_word' id='word_1_317' title='bbox 541 4301 708 4371; x_wconf 87' lang='lat' dir='ltr'>immanes</span> <span class='ocrx_word' id='word_1_318' title='bbox 724 4293 843 4372; x_wconf 79' lang='lat' dir='ltr'>hostes</span> <span class='ocrx_word' id='word_1_319' title='bbox 860 4295 1058 4391; x_wconf 85' lang='lat' dir='ltr'>suscipere,</span> <span class='ocrx_word' id='word_1_320' title='bbox 1083 4317 1154 4369; x_wconf 92' lang='lat' dir='ltr'>non</span> <span class='ocrx_word' id='word_1_321' title='bbox 1176 4315 1282 4369; x_wconf 83' lang='lat' dir='ltr'>vocat</span> <span class='ocrx_word' id='word_1_322' title='bbox 1303 4297 1366 4366; x_wconf 88' lang='lat' dir='ltr'>ille</span> <span class='ocrx_word' id='word_1_323' title='bbox 1392 4295 1429 4366; x_wconf 91' lang='lat' dir='ltr'>in</span> <span class='ocrx_word' id='word_1_324' title='bbox 1456 4295 1741 4374; x_wconf 81' lang='lat' dir='ltr'>controversiam.</span> 
     </span>
     <span class='ocr_line' id='line_1_40' title="bbox 540 4387 1744 4502; baseline 0.001 -35"><span class='ocrx_word' id='word_1_325' title='bbox 540 4393 596 4467; x_wconf 84' lang='lat' dir='ltr'>At</span> <span class='ocrx_word' id='word_1_326' title='bbox 614 4392 673 4469; x_wconf 91' lang='lat' dir='ltr'>hic</span> <span class='ocrx_word' id='word_1_327' title='bbox 692 4394 889 4472; x_wconf 73' lang='lat' dir='ltr'>audieritas</span> <span class='ocrx_word' id='word_1_328' title='bbox 912 4391 1045 4468; x_wconf 75' lang='lat' dir='ltr'>accessit</span> <span class='ocrx_word' id='word_1_329' title='bbox 1073 4391 1279 4502; x_wconf 69' lang='lat' dir='ltr'>ppouolica</span> <span class='ocrx_word' id='word_1_330' title='bbox 1298 4387 1449 4468; x_wconf 83' lang='lat' dir='ltr'>AEdituo</span> <span class='ocrx_word' id='word_1_331' title='bbox 1475 4393 1656 4489; x_wconf 77' lang='lat' dir='ltr'>delegata,</span> <span class='ocrx_word' id='word_1_332' title='bbox 1680 4399 1744 4488; x_wconf 84' lang='lat' dir='ltr'>qui</span> 
     </span>
    </p>
   </div>
   <div class='ocr_carea' id='block_1_3' title="bbox 0 0 2014 5167">
    <p class='ocr_par' dir='ltr' id='par_1_3' title="bbox 0 0 2014 5167">
     <span class='ocr_line' id='line_1_41' title="bbox 0 0 2014 5167; baseline 0 0"><span class='ocrx_word' id='word_1_333' title='bbox 0 0 2014 5167; x_wconf 95' lang='lat' dir='ltr'> </span> 
     </span>
    </p>
   </div>
  </div>
 </body>
</html>
