3967 5167
282 496 474 597 aaran
503 494 809 605 sennenn
836 494 927 590 no
954 494 1283 599 orvaasos.
1326 530 1404 623 19³

209 702 300 776 haud
322 702 350 776 is
365 698 536 775 successus
553 697 660 787 esset,
685 714 788 793 quem
805 718 908 773 vetus
925 714 986 771 tua
1017 722 1100 795 erga
1117 723 1171 773 me
1189 698 1402 776 benevolen-

207 801 253 873 tia
269 798 387 871 audire
410 794 557 872 forsitan
584 794 805 870 desideraret.
831 794 1016 869 ‘Tandem
1038 816 1151 869 tamen
1174 798 1235 870 illa
1259 798 1401 872 Anaba-

115 960 116 975 ,
206 892 381 991 pristarum
400 913 469 967 tem
498 893 585 967 estas
602 894 742 965 videtur
767 892 983 984 aliquantum
1008 888 1206 966 consedisse.
1254 892 1304 967 Et
1331 918 1399 990 ego

205 1012 248 1061 nu
274 1012 310 1061 er
337 990 382 1062 ad
408 990 439 1061 A
468 988 627 1063 efforium
654 1008 779 1061 munus
802 989 837 1059 iu
861 986 1042 1083 Imperiali
1067 988 1230 1081 Judicio,
1256 989 1401 1064 Caesatis
1504 992 1509 999 '

204 1012 306 1181 ipbbs
325 1083 519 1180 spontaneo
538 1084 659 1160 favore
682 1082 894 1181 provestus,
919 1084 1028 1177 pauld
1059 1084 1179 1158 melius
1212 1086 1256 1157 de
1279 1086 1400 1161 studiis

114 1180 116 1275 ᾗ
202 1183 282 1255 meis
308 1176 449 1277 sperare
473 1182 575 1276 coepi.
625 1178 709 1255 Hoc
740 1176 882 1253 sorsrtan
913 1198 950 1253 te
976 1202 1049 1252 non
1087 1178 1170 1275 paffi
1191 1176 1270 1255 sunt
1292 1184 1400 1257 latere

114 1330 116 1343 ,
203 1276 317 1349 Hedor
348 1294 595 1351 conterraneus
621 1300 745 1362 meus,
777 1276 815 1351 dc
841 1276 1026 1367 Franciscus
1048 1276 1217 1369 Rupilius,
1249 1301 1401 1373 quorum

113 1434 114 1437 ,
200 1391 279 1446 uter
307 1396 354 1445 ue
370 1373 422 1445 tui
440 1370 770 1459 observantissimus,
796 1392 837 1443 ac
853 1371 1042 1445 meletiam
1060 1370 1300 1447 amantissimus
1315 1372 1400 1447 sem·-

113 1522 114 1525 ,
201 1490 264 1564 per
280 1396 361 1541 suit.
411 1466 562 1542 Proinde
585 1466 671 1541 mihi
695 1465 888 1561 persuasum
916 1466 1054 1551 habeo,
1079 1487 1118 1540 ut
1134 1488 1266 1562 quanto
1289 1474 1400 1565 magis

112 1601 114 1635 ι
201 1560 363 1732 ἀὶίξὶῗυϋ
387 1568 482 1658 ejus,
505 1564 575 1659 ,qui
612 1564 664 1637 tui
693 1562 760 1635 suit
784 1558 850 1634 sem
880 1586 918 1636 er
940 1560 1210 1650 studiosissimus,
1246 1565 1401 1641 successu

202 1680 245 1756 ga
273 1660 382 1731 'urus
402 1657 466 1746 fis,
493 1678 593 1733 tanto
618 1659 669 1730 illi
692 1660 840 1731 minusr
897 1676 933 1729 te
959 1659 1073 1733 celare
1125 1662 1288 1735 otuerint.
1340 1662 1399 1739 Ex

201 1776 281 1828 meo
296 1774 409 1828 autem
428 1750 565 1839 animo,
591 1754 821 1827 colendiffime
847 1773 1067 1852 praeceptor,
1150 1756 1248 1829 tuum
1261 1758 1397 1853 judico.

111 1866 113 1941 ᾗ
202 1848 295 1924 Puto
324 1851 442 1935 euim,
475 1848 556 1923 curn
585 1872 652 1946 ego
675 1866 710 1923 te
741 1850 920 1945 praecipue
943 1870 1055 1923 amem
1080 1870 1123 1922 ac
1151 1874 1321 1945 venerer,
1344 1878 1400 1931 me

111 1942 112 1947 ’
203 1965 301 2021 tuum
328 1944 469 2021 viciffim
497 1968 650 2021 amorem
674 1946 879 2040 promereri.
929 1942 1023 2017 Illud
1058 1943 1144 2019 verd
1169 1948 1334 2043 majorem
1361 1956 1400 2027 iu

110 2084 112 2129 2
202 2044 346 2117 modurn
370 2042 528 2137 gaudeo,
553 2031 736 2115 ac'studiis
758 2039 1074 2135 Jurisprudentiae,
1099 2064 1143 2114 eo
1165 2066 1307 2141 quoque
1336 2068 1401 2127 no·

110 2150 111 2167 ³
179 2142 299 2213 mine
313 2140 482 2235 gratulor,
512 2138 606 2234 quod
627 2160 698 2211 non
717 2156 904 2211 contentus
919 2138 1106 2231 eag'loria,
1132 2160 1237 2233 quam
1253 2142 1318 2214 tibi
1334 2163 1400 2239 per

199 2238 369 2331 praeclara
407 2252 631 2309 monumenta
660 2230 967 2327 celeberrimosque
1002 2234 1241 2327 praelesiioues
1270 2240 1402 2312 dudum

109 2320 111 2393 ἶ
201 2330 432 2429 comparasti,
458 2330 733 2428 pulcherrimum
748 2328 940 2403 institutum
956 2324 1181 2403 summacum
1203 2335 1307 2407 laude
1318 2357 1402 2429 pro-

109 2500 110 2507 ,
200 2426 298 2523 sequi
314 2449 459 2523 pergas,
485 2450 551 2501 nec
573 2444 707 2517 tantum
736 2424 780 2497 ad
807 2445 926 2498 veram
948 2420 1265 2517 Jurisprudeutiam
1288 2432 1401 2507 aetatis

108 2548 109 2597 1
200 2524 328 2598 nostrae
348 2524 488 2617 ingenia
513 2523 704 2609 traducas,
736 2530 776 2593 ac
800 2520 883 2593 viva
908 2520 1186 2617 quotidianaque
1211 2546 1303 2599 voce
1328 2526 1400 2601 sor-

108 2622 109 2631 ’
198 2642 300 2703 mes,
324 2618 564 2691 verumetiam
583 2614 663 2689 cium
680 2614 781 2688 nobis
797 2614 1012 2690 auditoribus
1032 2616 1115 2689 olim
1138 2618 1229 2705 tuis,
1253 2622 1399 2715 quiLe-

108 2758 110 2765 ·
201 2716 321 2801 stione
346 2710 552 2808 scriptomm
571 2731 708 2788 tuorum
735 2708 849 2785 satiari
881 2732 1058 2805 nunquam
1086 2712 1288 2808 possumus,
1307 2742 1402 2795 ‚tum

200 2808 338 2885 cuneis
368 2832 506 2907 quaque
527 2828 697 2883 terrarum
713 2804 1006 2882 commorantibus
1030 2811 1091 2905 qui
1109 2809 1214 2901 Jutis
1230 2812 1308 2887 sunt
1328 2818 1397 2891 stu·

201 2904 313 2989 diost,
349 2904 498 3016 posteris
533 2904 683 3000 denique
717 2903 885 3007 omnibus
911 2924 1080 2977 novarum
1118 2908 1398 3003 lucubrationum

197 3002 333 3079 studius
352 3002 524 3098 impertiri
541 3000 725 3075 mediteris.
777 3000 824 3073 Et
843 3006 1040 3106 quanquam
1055 3001 1091 3076 id
1110 3001 1213 3077 sciam
1230 3025 1264 3079 te
1282 3008 1399 3084 facere
1419 3002 1424 3007 ’

197 3100 336 3185 sedulo,
361 3120 439 3193 quae
461 3122 537 3175 mea
555 3120 668 3173 tamen
685 3097 734 3171 est
751 3097 889 3192 privata
905 3120 1044 3171 tuorum
1060 3096 1270 3195 scriptorum
1289 3107 1397 3179 avidi·

197 3217 268 3287 cas,
293 3217 364 3267 non
381 3194 513 3289 possum
529 3194 706 3279 omittere,
732 3196 815 3288 quin
834 3210 868 3269 te
896 3194 1061 3267 exhorter
1081 3218 1123 3269 ac
1141 3198 1340 3282 obsecrem,
1356 3220 1399 3273 ut

198 3316 240 3367 ea
264 3293 431 3365 maturius
448 3295 543 3367 exire
555 3290 662 3379 sinas,
687 3313 731 3361 ne
748 3292 834 3385 quid
846 3314 881 3363 te
899 3312 1005 3363 novae
1020 3290 1115 3364 istius
1130 3291 1290 3383 baerefis,
1316 3316 1397 3389 quae

194 3391 231 3462 in
248 3388 352 3460 Italia
366 3388 500 3481 pridem
517 3406 638 3461 exorta
663 3387 731 3469 est,
755 3386 1010 3467 insimulemus,
1035 3386 1218 3477 videlicet,
1243 3410 1283 3463 ut
1299 3393 1397 3487 quod

194 3480 356 3557 Horatius
381 3484 501 3559 Poetis
519 3480 746 3649 praescrififit,
771 3500 811 3557 ut
831 3503 964 3555 novum
984 3502 1075 3575 opus
1105 3504 1236 3556 novom
1261 3508 1395 3583 prema-

197 3600 257 3653 tur
284 3579 320 3651 in
337 3596 481 3667 aunum,
513 3580 549 3653 id
571 3579 622 3653 illi
647 3581 658 3651 i
692 3578 748 3653 hic
779 3602 883 3652 omne
911 3600 1020 3673 genus
1044 3572 1214 3655 scribendi
1244 3586 1395 3656 trahant.

197 3676 293 3751 Cum
311 3675 381 3746 hoc
407 3698 477 3747 uno
506 3674 539 3745 se
566 3672 727 3769 prtestare
755 3674 920 3769 Protogeni
954 3674 1079 3766 Apelles
1104 3677 1259 3763 diceret,
1294 3680 1404 3772 qudd'

116 3766 124 3799 ·’
197 3792 337 3893 manum
366 3770 426 3843 ille
459 3774 503 3845 de
539 3772 652 3841 tabula
691 3769 836 3843 nesciret
862 3772 996 3845 tollere.
1048 3767 1205 3861 Quando
1237 3797 1321 3869 ergo
1355 3798 1396 3848 tu

202 3898 242 3937 m
264 3867 400 3959 adrem
429 3864 560 3938 defines
589 3863 787 3957 efflasse?
814 3866 874 3940 ubi
904 3868 944 3933 πὶ
961 3866 1148 3961 σμερδαλέω
1174 3870 1304 3955 latent,
1333 3872 1393 3945 ubi
1482 3945 1486 3951 ,

197 3967 234 4041 de
254 3968 344 4037 rebus
369 3964 512 4046 creditis,
540 3963 577 4037 δι
602 3964 639 4034 de
665 3965 827 4038 uerborum
851 3964 1089 4057 oiiigon'onibu's
1123 3969 1390 4039 commentarii?
1474 4018 1478 4025 -

196 4064 300 4151 vide,
325 4063 373 4133 mi
389 4060 537 4141 Alcime,
553 4079 641 4153 quot
659 4079 695 4132 te
710 4059 906 4131 nominibus
918 4060 1096 4131 litterariae
1106 4058 1259 4155 Reipub.
1273 4062 1395 4137 obstri-
1408 4067 1423 4086 ⁴·
1458 4128 1463 4136 .
1498 4092 1501 4095 ·

195 4160 291 4233 dium
306 4179 485 4252 putemus:
512 4178 627 4250 neque
648 4175 683 4229 te
702 4154 873 4249 appellari
891 4176 985 4251 aegre
1003 4153 1094 4230 ferre
1113 4157 1239 4245 debes,
1263 4157 1320 4233 sed
1333 4162 1392 4233 ad·

193 4254 324 4335 scribes
347 4252 384 4325 id
401 4252 534 4327 summo
552 4254 605 4325 tui
632 4251 872 4346 librorumque
896 4270 1034 4325 tuorum
1057 4251 1239 4345 defiderio,
1263 4258 1392 4352 quibus

197 4374 268 4448 ego
290 4348 376 4421 inter
393 4348 494 4425 hasce
512 4346 698 4426 forenslum
712 4346 888 4425 causarum
912 4344 1105 4447 negotiosas
1123 4348 1391 4451 disceptationes

251 4443 338 4559 Tuta.
363 4445 415 4519 ΙΙ.
516 4484 523 4491 -
834 4442 896 4529 Bb
1026 4478 1031 4489 ¹
1304 4440 1394 4518 nihil
