3967 5167
484 488 1634 675 murorumArrrnzurorrunr

495 752 640 829 tandum
655 754 830 827 duxerim:
848 752 1001 847 'quando
1024 756 1084 821 tua
1102 750 1205 822 etiam
1225 748 1287 824 istu
1307 749 1428 822 exusta
1443 772 1528 824 curu
1552 751 1601 824 ita
1624 746 1698 825 boc

497 873 587 949 opus
604 848 798 923 absolutum
813 844 878 935 fit,
903 866 942 921 ut
959 846 1057 945 quod
1080 846 1117 917 in
1144 846 1266 920 melius
1290 862 1423 922 mutare
1444 847 1504 921 vel
1520 848 1611 919 corti
1635 870 1699 922 ere

420 996 424 1001 -
498 946 640 1044 possim,
664 944 751 1019 nihil
767 944 827 1018 abs
851 960 886 1017 te
912 939 1070 1017 relisium
1091 943 1294 1015 invenerim.
1343 940 1446 1031 Quid
1469 944 1596 1041 igitur,
1654 945 1703 1016 idi

499 1042 723 1131 ornatissime,
742 1038 821 1113 etim
836 1062 893 1113 me
908 1062 1037 1137 magno
1049 1038 1111 1113 abr
1126 1059 1163 1114 te
1177 1038 1349 1115 beneficio
1371 1036 1536 1113 affectum
1551 1036 1704 1139 cognos

502 1160 577 1213 cam
590 1140 670 1233 ,qui
681 1139 836 1232 egregias
851 1134 929 1209 istas
939 1136 1129 1211 studiorum
1141 1157 1283 1209 tuorum
1293 1138 1463 1233 primitiae
1472 1138 1559 1209 milri
1572 1138 1705 1233 imper·
1843 1188 1854 1197 -

502 1236 640 1321 tiveris,
670 1232 778 1329 quid,
800 1235 964 1327 inquam,
988 1231 1051 1305 istu
1077 1252 1138 1306 tua
1163 1234 1390 1345 proepiplexi
1405 1254 1495 1329 opus
1519 1233 1622 1307 eret?
1644 1233 1708 1307 ln·

502 1351 556 1403 ter
589 1330 666 1401 ister
698 1328 776 1401 sane
817 1328 974 1401 molestas
1006 1326 1075 1403 fori
1114 1332 1291 1422 udiciique
1315 1324 1598 1425 occupationes,
1629 1354 1708 1425 quo

500 1424 650 1521 ipsarum
670 1420 842 1499 fastidium
866 1426 1046 1515 levarem,
1072 1334 1244 1498 obvenire
1259 1426 1345 1497 mihi
1373 1427 1460 1497 nihil
1485 1427 1618 1520 gratius
1637 1448 1709 1523 pu·

324 1544 343 1583 e
402 1558 414 1597 r
500 1522 577 1595 tuit.
628 1520 800 1595 Gratulor
831 1522 918 1595 verb
953 1520 1077 1615 Hagen·
1100 1522 1120 1564 ⁸
1145 1522 1253 1595 nostri
1282 1520 1473 1610 manibus,.
1499 1524 1560 1617 qui
1584 1527 1621 1597 te
1641 1524 1720 1598 tub·

502 1614 684 1713 superstite
709 1616 879 1717 discipulo
903 1616 1078 1692 feliciores
1095 1620 1181 1691 mihi
1206 1615 1274 1691 else
1287 1618 1465 1691 videntur.
1514 1616 1593 1691 Nec
1609 1614 1706 1705 scio,

345 1720 358 1759 e
475 1738 480 1747 ·
505 1734 606 1787 ante
631 1715 739 1811 magis
759 1716 820 1789 illo
844 1732 1090 1808 praeceptore,
1114 1738 1158 1789 an
1186 1714 1243 1789 ille
1268 1732 1304 1791 te
1336 1710 1526 1807 discipulo,
1552 1716 1709 1810 gaudere

384 1822 391 1837 '
504 1810 672 1883 debuerit.
721 1808 893 1883 Amicitiae
908 1831 997 1883 vero
1015 1808 1109 1905 ejus,
1132 1834 1213 1905 quae
1225 1812 1310 1883 mibi
1324 1832 1405 1885 cum
1422 1810 1711 1903 illointercellit,

504 1928 577 1979 non
592 1906 752 1981 minimus
783 1904 916 1979 fruetus
937 1902 1005 1981 else
1029 1905 1172 1981 videtur
1186 1929 1249 1983 tua
1268 1908 1330 1983 istu
1352 1930 1438 2002 erga
1462 1929 1517 1983 rue
1542 1902 1708 1985 affectio:

507 1998 603 2077 culli
621 2000 762 2076 vicissim
787 2024 943 2098 unquam
961 1998 1172 2097 respondere
1186 2022 1331 2099 potero,
1356 2000 1482 2077 senties
1505 2026 1577 2076 non
1591 2000 1710 2078 te'sal·

507 2096 581 2172 suru
603 2100 746 2171 omnino
770 2096 832 2173 tuti
860 2098 1046 2195 opinione,
1073 2122 1177 2197 quam
1202 2101 1247 2173 de
1265 2122 1327 2179 me
1349 2098 1413 2172 tibi
1439 2094 1562 2184 fecisti.
1610 2098 1709 2177 Cum

507 2216 595 2267 veru
608 2194 680 2291 jam
701 2191 802 2272 instet
818 2194 859 2266 'id
880 2213 1040 2291 tempor,
1064 2196 1253 2270 ut'tibi'ex
1274 2192 1401 2269 scholii
1422 2198 1459 2269 in
1481 2192 1596 2270 sorum
1621 2218 1711 2293 pro-

508 2292 649 2387 pediem
670 2290 964 2389 progrediendum
986 2288 1053 2377 fit,
1091 2310 1131 2365 tu
1157 2290 1232 2388 ipse
1254 2294 1394 2387 cogita,
1417 2290 1444 2366 sr
1469 2293 1554 2390 quid
1578 2296 1646 2367 erit
1667 2295 1708 2367 in

508 2409 581 2484 quo
596 2408 671 2460 meu
681 2410 807 2485 opera,
831 2384 1055 2481 consiliumve
1070 2387 1134 2463 tibi
1148 2386 1309 2483 prodesse
1325 2408 1441 2483 queat.
1489 2388 1535 2462 ru
1578 2408 1706 2460 erorum

509 2484 599 2561 vero
614 2485 746 2561 interea
762 2503 802 2557 er
826 2506 845 2557 ι
865 2506 900 2559 te
916 2482 1075 2561 savorem
1089 2484 1310 2581 quicumque
1323 2484 1504 2569 occasione
1516 2506 1558 2560 uu
1592 2484 1709 2563 'orem

510 2577 625 2657 facere
649 2602 722 2659 non
746 2506 877 2659 nerino.
926 2578 1027 2655 Vale.
1058 2600 1116 2661 21·
1141 2581 1354 2684 Septembris
1381 2603 1486 2677 1537.
1600 2598 1609 2615 ·

336 2804 463 2871 m..
759 2770 1270 2867 uersuorn
1329 2770 1464 2895 cm

337 2906 386 2949 mo
398 2882 458 2944 Ill.

336 2964 463 3039 Μ·
521 3045 524 3053 ·
617 2991 1015 3087 nuMPoNr
1071 2991 1117 3083 A
1172 2992 1623 3087 MARTENA.

358 3257 484 3337 1537.
523 3212 814 3352 Qarenreliao
843 3210 1091 3438 Afflmfu.
1122 3208 1548 3410 Cameraefflrensrs,
1585 3146 1721 3331 Inpol.

345 3390 348 3395 -
566 3330 744 3445 stadium
775 3328 833 3413 ad
871 3354 957 3441 ,ur
997 3321 1130 3414 Civile
1154 3324 1307 3439 profire
1358 3351 1427 3412 um
1456 3328 1661 3433 devertat,

471 3446 477 3453 ’
710 3443 713 3451 Δ
937 3437 1102 3527 candide
1129 3445 1305 3553 exponit.

559 3668 618 3742 Ta
635 3664 798 3741 feretum
816 3684 969 3737 mearum
1001 3664 1083 3737 tulit
1096 3662 1278 3748 conditio,
1304 3664 1497 3762 Magnifice
1515 3661 1729 3741 Clurili'rme-

442 3810 448 3825 .
584 3784 656 3862 que
673 3758 851 3843 Domine,
875 3779 917 3833 ut
935 3756 1055 3833 relicti
1075 3757 1182 3855 Spirl
1210 3759 1281 3834 alib
1308 3764 1396 3834 mihi
1420 3762 1639 3857 migrandum
1668 3760 1724 3837 fit.

518 3858 743 3955 'Optaveram
761 3870 878 3931 tutem
899 3876 1114 3951 magnopere
1131 3857 1276 3951 propius
1295 3856 1341 3929 ad
1360 3882 1428 3933 vos
1451 3858 1636 3933 accedere:
1660 3854 1726 3933 se'd

524 3954 640 4033 nescio
673 3974 754 4049 quae
772 3974 848 4027 mea
866 3947 936 4027 sata
951 3953 1045 4025 illam
1061 3952 1147 4027 mihi
1171 3948 1374 4027 felicitatem
1397 3950 1562 4030 helienue
1584 3954 1728 4029 invide·

526 4052 608 4129 risit.
658 4048 824 4125 Parentes
848 4071 921 4125 nou
947 4048 1110 4125 lubenter
1133 4071 1264 4145 gravo:
1290 4044 1366 4147 (ι)
1392 4045 1600 4129 &tenuitas
1616 4052 1731 4166 putri·-⁸

1619 4168 1735 4227 monn

572 4320 637 4409 (1)
658 4318 802 4401 Pavones
828 4342 887 4389 non
915 4276 1171 4417 ormenae.
1199 4323 1293 4411 ue]
1324 4325 1422 4399 eurr
1448 4327 1551 4397 mxre
1571 4326 1731 4413 quarm

532 4408 577 4495 de
602 4406 825 4499 perentibus:
852 4442 879 4488 η
894 4404 951 4477 Est
979 4402 1065 4477 mihi
1091 4408 1226 4483 unimur
1254 4408 1405 4487 revisere
1432 4410 1574 4552 hissam
1592 4422 1734 4579 {iffi
