3967 5167
533 466 614 555 282
644 448 884 559 tudun
911 472 977 541 m
1005 399 1268 543 'num
1293 438 1670 541 zuroflunt

349 691 467 757 nn.
722 658 1243 763 uersuroun
1308 660 1516 761 cxv.

226 818 230 825 ·
349 794 399 837 ruo
415 770 471 832 VI.

347 842 863 995 ‘⁰¹·³⁰⁷·'Jonnmus
901 880 975 971 ru
1007 876 1322 971 (innuunt
1362 874 1758 973 nummulus

563 1050 1335 1161 ‚luuotsunnrutusrs‚
1373 1052 1688 1146 oomluo

690 1228 1118 1321 uuunnnno
1164 1226 1591 1319 LACHAMER

665 1368 672 1373 ’
917 1402 1249 1495 unsrour
1289 1407 1369 1495 oc.

206 1838 209 1849 ·
369 1756 475 1833 1⁵⁴0·
539 1721 997 1897 nutriemur
1014 1716 1750 1912 rennuitirretierit

538 1922 608 1996 viri
634 1918 820 2013 omnigena
836 1868 1033 1989 litteratt'tra
1057 1910 1263 2081 strophiati,
1299 1936 1342 1988 ae
1362 1910 1529 1985 immensa
1555 1867 1754 2009 sagacitaid

512 2066 515 2074 ‚
540 2016 806 2117 paradoxotati,
841 2012 1001 2108 inprimis
1015 2011 1107 2084 vero
1136 2030 1225 2083 acrae
1246 2006 1435 2107 Deiloquae
1448 2008 1643 2084 Facultatis
1667 2008 1752 2085 Mu-

540 2114 637 2211 gistri
655 2110 762 2185 nostri
774 2108 1018 2197 sublimissimi,
1043 2130 1113 2181 nec
1133 2128 1205 2179 non
1221 2106 1414 2203 togatillim'i
1432 2104 1525 2199 Juris
1542 2104 1747 2197 Mastricet,

541 2212 711 2285 unicum
733 2208 846 2281 Galeri
870 2204 907 2277 &
922 2205 1091 2278 Aoicrnnae
1115 2226 1227 2298 prone
1255 2202 1390 2291 oribus,
1416 2223 1459 2277 ac
1478 2200 1748 2289 Aristotelistis,

459 2380 463 2389 ,
542 2308 579 2379 in
601 2302 853 2403 septifariotum
874 2303 1000 2375 artium
1018 2300 1209 2396 Eneyclop
1268 2300 1300 2373 ia
1326 2289 1607 2397 exagitatilstmis,
1629 2302 1751 2397 longo

541 2404 627 2479 licet
647 2402 808 2475 locutum
824 2399 1005 2472 intervallo
1024 2393 1246 2493 sequestrati,
1270 2396 1315 2469 de
1342 2421 1438 2471 novo
1457 2396 1748 2498 Angelopolitani

544 2500 651 2597 lycaei
667 2496 939 2595 Induperatote,
964 2493 1031 2567 suis
1047 2494 1190 2567 calculis
1205 2494 1531 2589 perpendiculando
1548 2513 1650 2593 atque
1660 2486 1753 2565 exst-

543 2596 698 2669 bulando
717 2597 754 2666 in
771 2593 967 2665 collimitium
985 2591 1184 2663 Ruinanum
1204 2587 1456 2675 convenissent,
1489 2590 1621 2663 ibidem
1642 2589 1750 2662 aethe·

546 2714 625 2767 reus
653 2690 840 2764 altitonans
861 2710 932 2760 non
957 2684 1085 2760 hirsuta
1103 2686 1239 2783 pupilla
1263 2686 1408 2760 Pltoebei
1439 2690 1557 2784 gregis
1579 2682 1753 2796 bipedem·

547 2793 591 2863 tis
607 2788 794 2861 collimant
819 2782 1120 2877 superexlmium,
1144 2806 1209 2855 nec
1234 2804 1306 2855 non
1329 2786 1367 2856 in
1390 2780 1675 2881 Heptatechmca
1697 2780 1752 2855 so·

545 2884 631 2980 phio
650 2878 942 2967 telblutisstmum
978 2880 1016 2954 &
1041 2876 1183 2974 insuper
1204 2882 1241 2952 in
1262 2879 1419 2961 Periclea
1449 2899 1525 2953 arte
1554 2876 1755 2976 speciatim-

549 3002 645 3053 mum
667 2978 721 3051 Μ.
751 2974 968 3073 Sebastianum
996 2976 1116 3061 Lines,
1150 2977 1185 3047 in
1214 2972 1497 3071 praestuntificum
1524 2974 1677 3071 ejusdem
1700 2978 1756 3074 ly·

551 3070 812 3149 caeiRei'lorem
830 3072 1039 3159 inoculavit,
1065 3071 1429 3171 concordantibusque
1445 3074 1607 3147 omnium
1622 3070 1759 3168 scrupis

552 3168 705 3267 gloriose
721 3168 933 3243 sublimavit.
984 3167 1213 3265 Posteaquam
1231 3170 1319 3243 verd
1333 3194 1401 3266 ego
1423 3168 1569 3265 Joanntt
1586 3175 1621 3245 in
1634 3168 1760 3254 bonis,
1878 3244 1882 3253 ,

552 3270 666 3341 Almae
681 3264 929 3341 Univerlltutis
950 3264 1197 3351 caduceator,
1221 3262 1539 3365 Protoseeptriger,
1564 3262 1603 3341 de
1629 3264 1761 3342 Archiss

553 3384 803 3460 grammateus‚
828 3364 911 3437 licet
935 3364 1121 3457 indignus,
1148 3360 1254 3457 (quia
1272 3366 1324 3436 uti
1341 3363 1434 3437 scitis
1460 3387 1504 3437 ex
1523 3360 1646 3437 vestris
1671 3358 1759 3435 Pro·

553 3460 703 3534 verbiis:
730 3459 942 3556 quandoque
968 3462 1074 3533 etiam
1099 3455 1148 3532 ell
1165 3460 1270 3533 olitor
1281 3461 1390 3534 verba
1406 3480 1583 3557 oportuna
1603 3461 1762 3533 locutae

554 3556 604 3630 Et
621 3558 692 3631 hoc
708 3578 771 3651 ptr
786 3552 1043 3652 parenthefim)
1068 3556 1105 3627 io
1122 3555 1199 3627 imis
1216 3556 1420 3650 praecordiis
1434 3554 1623 3640 instnuavi,
1650 3555 1761 3655 qu'am

553 3652 648 3727 bene
668 3655 705 3727 δι
732 3651 932 3735 domestice,
947 3676 1013 3746 vos
1041 3650 1176 3747 semper
1194 3675 1274 3723 cum
1296 3656 1589 3748 ptaementionato
1613 3652 1758 3751 Magni-

556 3748 625 3824 fico
649 3748 804 3824 stetistis:
835 3748 916 3822 ideo
943 3748 1078 3821 idcirco
1105 3767 1203 3821 tanta
1231 3750 1324 3822 bona
1352 3774 1446 3824 nova
1471 3750 1574 3825 vobis
1595 3750 1762 3823 intimare

558 3846 659 3920 cordi
684 3845 801 3923 habui.
860 3840 1176 3920 verumenimvero
1214 3868 1258 3917 ne
1291 3843 1440 3919 vestram
1476 3844 1670 3943 religiosam
1696 3848 1759 3918 de·

557 3942 771 4029 vodonem,
809 3963 914 4035 quam
937 3936 1074 4014 effluxis
1109 3942 1304 4015 interluniit
1330 3944 1367 4015 iu
1390 3945 1534 4018 novello
1561 3939 1764 4017 sacrificam

558 4035 853 4133 memoravisse,
869 4034 1069 4133 stribligine
1085 4058 1163 4111 mee
1176 4038 1360 4114 eribilen:
1375 4061 1566 4136 eapropter
1582 4037 1766 4113 Laconica

559 4135 710 4231 periodo
738 4130 889 4231 praesene
912 4132 1080 4231 scriptum
1108 4135 1315 4222 terminate,
1340 4134 1379 4212 de
1404 4138 1575 4212 calanum
1595 4158 1616 4211 a
1638 4134 1765 4209 charta

561 4252 792 4307 averruncare
811 4250 883 4305 non
901 4232 1038 4307 omitto.
1087 4229 1253 4306 Attamen
1274 4251 1315 4307 ut
1343 4231 1380 4305 id
1396 4256 1469 4307 non
1504 4231 1633 4307 stiriata
1656 4253 1764 4314 nare,
1822 4254 1828 4271 ·

539 4326 619 4445 'sed
642 4326 757 4407 obviis
778 4328 845 4423 (ut
861 4327 941 4407 trita
957 4324 1224 4477 serturhc‘licutu)
1248 4326 1422 4427 uacum,
1445 4328 1623 4429 suscipere
1636 4328 1766 4502 dipppi
