3967 5167
557 529 611 618 82
659 495 1285 624 VIGLIIAuAYTTA
1324 509 1699 608 ZUICHEMI
1774 559 1779 566 ·

334 741 516 828 ,Effl-
665 755 686 776 ‘
750 733 1258 831 EPISTOLA
1315 733 1613 825 XXIX.¹

389 842 438 883 mo
470 820 513 880 ΙΙ.

389 899 445 958 fol.
466 917 516 975 99.

239 983 242 989 ·
389 975 453 1038 vro.
619 955 1029 1057 BONIFA-CIO
1066 954 1703 1082 AMERBACHIQ().

345 1251 349 1257 ·
408 1207 513 1287 1532·
560 1200 635 1292 De
666 1197 847 1292 methodo
861 1198 939 1316 seo
970 1219 1063 1288 orte
1089 1197 1222 1314 Joro'o.
1281 1196 1450 1302 Docet,
1477 1197 1627 1316 legibus
1654 1215 1765 1294 otoni
1828 1233 1832 1240 ’

477 1339 515 1415 j
617 1315 749 1418 dom,
785 1339 860 1399 neo
890 1323 1024 1400 concio
1057 1341 1111 1400 ex
1149 1316 1335 1426 oquitote
1372 1313 1626 1402 decernendo.
1684 1315 1762 1403 Ex

621 1425 787 1542 quibos,
818 1423 876 1516 ἔθ’
893 1449 972 1541 per
986 1453 1083 1542 quos
1105 1423 1264 1540 Corpus
1285 1423 1409 1539 Joris
1440 1425 1584 1516 Civilis
1601 1427 1760 1516 coaluit.
1895 1477 1896 1482 κ

618 1541 673 1632 ln
704 1568 747 1628 eo
776 1537 906 1625 molto
922 1537 1239 1652 supervacaneo.
1298 1535 1538 1626 Methodom
1555 1537 1682 1656 Joris
1711 1537 1791 1628 ob,

620 1648 888 1740 Amerbocloio
920 1649 1104 1765 postulor.
1172 1653 1243 1738 Do
1274 1650 1579 1740 Commentariis
1609 1649 1666 1744 &³
1695 1651 1788 1739 Iro·

621 1760 874 1880 terpooto'boo.
937 1761 1048 1876 Quid
1072 1761 1324 1877 Josto'nionos
1351 1763 1513 1881 ooloiffe
1556 1765 1764 1857 credatur.

621 1875 844 1992 Noceffitos
882 1872 939 1968 ὅθ’
979 1875 1133 1964 utilitas
1178 1874 1474 1991 Interprotono.

452 2122 456 2130 ·
565 2097 817 2262 EXpeiiatas
840 2041 943 2172 diua
969 2114 1005 2169 te
1027 2097 1159 2170 litteras
1176 2100 1333 2188 tandem,
1355 2097 1541 2174 douiffime
1554 2039 1761 2192 enobarbi,
1798 2097 1815 2116 ‘

657 2217 724 2290 per
735 2196 776 2268 A.
786 2195 978 2286 Ephorioum
991 2190 1008 2288 (
1023 2189 1066 2286 o)
1084 2197 1219 2290 accepi.
1247 2196 1461 2268 Hoioooirum
1481 2195 1685 2270 defunEium
1695 2219 1765 2269 me·
1895 2221 1896 2256 f

565 2289 632 2364 rita
646 2288 900 2385 praedicatione
914 2287 1160 2383 prosequeris,
1186 2289 1224 2361 &
1247 2287 1308 2360 niii
1331 2315 1385 2365 me
1405 2313 1480 2363 mea
1505 2290 1595 2366 saliit
1615 2293 1763 2388 opinio,
1895 2287 1896 2308 ¹

564 2388 724 2481 quotidie
739 2387 988 2459 incrementum
1008 2385 1101 2456 iilius
1117 2386 1228 2480 gioria
1251 2387 1421 2482 accipiet,
1434 2409 1505 2480 quo
1523 2390 1639 2484 plures
1661 2407 1766 2462 erunt
1895 2411 1896 2426 ³

565 2484 628 2578 qui
649 2481 681 2554 se
697 2483 742 2554 ad
767 2479 900 2555 saniora
916 2479 1007 2574 Juris
1027 2477 1152 2552 Civilis
1174 2479 1313 2554 consilia
1337 2485 1503 2576 paulatim
1529 2481 1766 2578 resrpiscentes

566 2573 805 2676 applicabunt.
854 2577 1066 2652 Methodum
1090 2573 1162 2670 (3)
1188 2576 1277 2652 vero
1294 2599 1397 2672 quem
1418 2579 1603 2673 qualemve
1631 2579 1765 2654 defide·
1895 2563 1896 2590 ¹

1708 2697 1764 2751 1¹0³
1892 2733 1894 2752 r

633 2870 648 2915 1
694 2845 772 2916 Bono·
788 2855 850 2916 ocio
868 2850 1061 2915 Amerboobio
1104 2847 1150 2918 V.
1171 2849 1257 2918 Not.
1280 2851 1323 2917 ad
1340 2849 1468 2918 Vitam.
1487 2850 1534 2919 N.
1554 2851 1651 2923 XIX.
1891 2861 1893 2924 i

591 3014 598 3028 ἱ
631 2952 650 2998 2
695 2932 738 3002 A.
784 2932 962 3032 phorioum]
991 2933 1050 2998 Do
1108 2933 1310 3019 ersoimus
1335 2933 1521 3016 Epicurum,
1543 2936 1634 3018 apud
1664 2935 1766 3003 Pata·
1891 2945 1892 2960 ¹

554 3033 661 3082 ¹rrum
684 3015 727 3085 Vo'
744 3017 779 3082 tr‘r'
806 3015 936 3091 socius,
964 3017 1108 3084 multam
1131 3035 1213 3082 cum
1231 3036 1274 3086 eo
1291 3019 1477 3084 amicitiam
1490 3018 1619 3092 coluit,
1641 3017 1678 3085 &
1694 3019 1767 3086 Ro·
1889 3027 1891 3034 ’

565 3117 657 3166 marn
678 3039 796 3248 {office
820 3097 1011 3194 profestos,
1031 3099 1113 3166 inde
1136 3097 1236 3183 Viglio
1250 3101 1438 3195 gratulatus
1466 3099 1516 3166 eit
1542 3102 1762 3185 provinciam

565 3200 667 3263 quarn
710 3183 795 3279 pirae
817 3183 970 3251 obtinurt
992 3181 1028 3248 in
1053 3181 1201 3250 Cometa
1220 3183 1403 3268 impertali.
1445 3183 1586 3251 Exstant
1610 3184 1700 3252 binae
1720 3187 1767 3255 ad

566 3281 646 3333 eum
665 3265 834 3351 eprstolae,
856 3265 913 3332 sed
945 3263 1086 3331 levioris
1107 3269 1283 3334 momenti.

607 3349 670 3433 (3)
696 3349 872 3416 Moooodom
896 3347 978 3432 tie]
1002 3349 1057 3415 De
1080 3348 1269 3425 methodo,
1303 3349 1361 3416 seu
1386 3363 1462 3416 arte
1487 3347 1602 3434 Juris,
1635 3350 1766 3433 aliquid

565 3435 712 3499 conatus
738 3432 788 3500 est
814 3432 992 3516 Joocoomus
1022 3429 1075 3496 Ho
1116 3451 1203 3508 eros,
1222 3431 1281 3499 sed
1310 3434 1405 3500 nulio
1434 3430 1597 3500 successu.
1637 3433 1694 3499 De
1724 3451 1768 3502 et

565 3513 692 3598 Zofiom
717 3517 800 3582 oiim
832 3518 1049 3604 interrogans
1069 3449 1205 3596 §pontonos
1223 3514 1405 3592 Fraoorors,
1427 3516 1484 3582 res
1504 3513 1623 3582 onium
1652 3517 1695 3582 ab
1719 3537 1765 3584 eo

566 3599 666 3676 tulit,
688 3600 782 3682 quod
793 3599 851 3666 hic
865 3597 1112 3681 apponendum
1128 3597 1237 3662 visum
1251 3597 1355 3665 estex
1367 3616 1444 3664 tomo
1501 3649 1509 3667 .
1524 3616 1599 3693 pog.
1614 3613 1667 3682 37.
1684 3597 1764 3685 usa:

564 3721 591 3757 „
608 3682 781 3750 Sollicitat
797 3697 834 3749 te
855 3683 1043 3748 etiamnum
1062 3679 1273 3758 Methodus,
1306 3681 1400 3766 quod
1428 3681 1503 3748 haec
1531 3699 1571 3778 rnA
1586 3683 1665 3768 jure
1693 3700 1768 3750 non

495 3837 502 3848 ,
565 3804 592 3840 ,,
609 3767 780 3844 traditur,
803 3763 883 3832 cinn
899 3777 1014 3830 tamen
1038 3761 1139 3827 Cicero
1156 3765 1381 3847 polliceatur,
1403 3761 1435 3831 se
1460 3767 1536 3850 jura
1558 3783 1594 3828 rn
1615 3783 1765 3850 genera,

565 3888 591 3926 ,‚
607 3869 685 3944 quae
697 3869 742 3935 pe
787 3865 872 3916 auca
886 3847 970 3924 ssnt,
981 3843 1342 3941 digestorumdeinde
1356 3865 1476 3944 eorum
1490 3865 1657 3944 generum
1670 3847 1766 3932 quafi

391 3950 541 4030 masma
567 3972 592 4010 „
609 3951 644 3997 rn
669 3868 825 4000 memrssra
840 3927 997 4014 quaedam
1020 3927 1248 4013 dispersurum
1269 3939 1287 3972 *
1309 3931 1346 4000 δι
1373 3948 1458 3998 rtem
1492 3930 1599 3996 muita
1620 3949 1657 3997 rn
1684 3951 1766 3998 eum

391 4042 523 4106 promn-
567 4057 593 4093 „
610 4033 683 4082 rem
696 4015 850 4083 oratorio
875 4032 972 4079 more
989 4011 1140 4092 differis,
1160 4031 1256 4097 quoe,
1278 4015 1301 4080 ir
1320 4013 1511 4098 tempus&
1534 4015 1645 4085 otium
1661 4015 1764 4094 esset,

365 4159 370 4168 .
393 4107 541 4187 pousen-
565 4137 591 4178 ‚,
608 4116 676 4165 nec
692 4100 759 4164 alio
776 4110 832 4166 me
851 4097 1033 4181 complura
1048 4098 1188 4182 negotia
1202 4111 1391 4172 vocarent,
1412 4097 1543 4165 diluere
1560 4097 1664 4164 facile
1684 4099 1767 4182 poi·

386 4185 503 4263 sumno
564 4223 592 4258 ,‚
609 4182 689 4248 sem.
730 4181 784 4248 Sit
801 4183 881 4250 iane
904 4180 999 4266 quod
1022 4179 1122 4248 Cicero
1146 4181 1181 4246 in
1231 4200 1334 4249 encra
1358 4181 1531 4264 digesserit
1551 4179 1764 4264 eloquentie

394 4266 533 4329 concinno.
565 4303 592 4344 „
608 4265 711 4331 armis
725 4265 923 4343 instructus,
942 4262 983 4328 fit
998 4281 1105 4358 porro
1120 4200 1230 4358 quoirf
1232 4266 1266 4329 in
1282 4279 1392 4332 artem
1409 4267 1486 4348 jura
1502 4259 1693 4360 redegerit,
1718 4282 1766 4335 ex

565 4391 592 4432 ι,
607 4349 659 4425 his
677 4363 794 4426 tameo
815 4347 1007 4438 generatim
1030 4343 1238 4435 digestis-vel
1253 4347 1295 4424 iu·
1319 4359 1431 4420 ortem
1462 4347 1589 4424 coatus
1606 4347 1764 4434 Jurrbus,

889 4447 893 4456 ’
1617 4469 1644 4514 n
1660 4447 1769 4504 nem-0
