3967 5167
530 449 878 576 156V1GLII
905 471 970 541 ιι
1000 425 1262 541 ΑῩΤΤΑ
1288 439 1658 540 zoroHnntt

529 672 599 746 qne
615 644 767 721 nostrum
788 663 904 739 perte
925 659 1124 735 exemptum
1140 634 1230 724 ess'e,¹
1249 658 1289 710 nt
1317 657 1463 732 uterque
1487 638 1633 712 alterum
1664 661 1730 714 ve-

529 745 725 831 hementius
751 741 895 834 posthac
915 737 956 810 stt
976 737 1161 828 amatittua.
1187 729 1282 806 Nam
1296 751 1343 806 .tu
1360 731 1547 900 postquam
1563 735 1729 830 cognorit

531 864 588 912 me
611 863 682 912 non
700 831 798 909 inille
812 838 849 906 in
864 837 990 927 culpa,
1015 853 1056 920 ae
1071 833 1175 926 hujus
1194 829 1295 902 etiam
1317 827 1356 902 su
1372 830 1520 926 picionis
1547 829 1730 906 occafione

532 938 603 1008 mei
618 936 657 1006 in
672 952 707 1005 te
726 932 832 1002 animi
850 928 1116 1002 declarationem
1131 925 1328 1020 acceperis,
1341 927 1479 1018 Viglt'um
1496 923 1642 1020 posthac
1661 951 1732 1001 ma·

532 1033 588 1126 gis
614 1050 674 1102 tna
694 1027 963 1110 benevolentia,
994 1025 1048 1096 uti
1062 1021 1206 1117 ἔρειο,
1235 1019 1384 1116 dignum
1405 1019 1522 1094 ducet.
1573 1019 1733 1098 Prudens

533 1144 629 1200 terte
641 1143 827 1216 numquam
845 1121 1076 1207 committam,
1100 1140 1172 1212 quo
1190 1117 1301 1188 minus
1312 1116 1575 1190 tuumfavorem
1591 1139 1733 1213 prome·

533 1242 624 1294 rear.
672 1215 753 1290 Hac
775 1237 891 1290 autem
913 1217 951 1287 in
977 1237 1015 1288 re
1039 1215 1242 1308 aequitatem
1269 1233 1365 1284 tuam
1391 1212 1643 1298 animadverti,
1668 1215 1732 1311 qul

534 1339 606 1389 non
614 1315 697 1395 ilico
708 1335 829 1390 exorta
839 1309 1032 1408 suspicione
1048 1332 1103 1380 me
1121 1309 1314 1391 damnarit,
1330 1305 1389 1381 sed
1404 1309 1576 1404 purgandi
1589 1312 1732 1407 copiam

534 1411 689 1497 leceris,
710 1405 750 1482 δι
769 1404 997 1480 obtestationi
1015 1403 1141 1478 deinde
1165 1425 1251 1478 meae
1280 1424 1353 1486 non
1371 1402 1649 1516 gravatefidem
1671 1408 1736 1482 ad.

507 1504 510 1509 ’
534 1508 702 1582 hibueris.
752 1499 854 1579 Abfit
879 1522 1015 1588 autem,
1039 1522 1079 1572 ut
1096 1521 1153 1572 me
1170 1495 1328 1588 dilatatis.
1340 1495 1508 1594 quispiam
1527 1503 1616 1576 atui
1636 1523 1732 1575 amo·

537 1626 577 1677 re
591 1604 630 1676 δι
646 1600 889 1685 veneratione,
939 1621 1018 1671 uem
1043 1618 1110 1690 ego
1135 1592 1239 1690 snpra
1260 1617 1379 1670 omnes
1401 1597 1566 1668 mortales
1590 1597 1733 1692 plurimi

535 1695 653 1785 facio,
674 1699 810 1770 alienet.
858 1622 959 1766 Abit
980 1713 1021 1766 ut
1041 1714 1107 1786 ego
1122 1713 1273 1786 unquam
1297 1691 1478 1786 cogitarim
1501 1690 1603 1764 illum
1626 1716 1645 1766 a
1667 1714 1735 1768 tuo

537 1811 696 1868 avertere
722 1787 899 1886 obsequio.
950 1785 1052 1861 Ahfit
1069 1806 1108 1857 ut
1122 1808 1189 1882 ego
1205 1783 1341 1860 cuidam
1360 1785 1500 1858 credam
1515 1789 1608 1861 citra
1619 1809 1735 1864 meam

539 1885 699 1977 eausam,
723 1887 772 1962 D.
795 1887 966 1974 Erasinoni
990 1879 1087 1980 polle
1111 1877 1174 1954 libi
1193 1881 1229 1953 in
1245 1883 1396 1956 animum
1413 1880 1580 1958 inducere
1588 1934 1602 1970 ‚
1625 1903 1665 1956 ut
1690 1882 1735 1956 de

540 2007 597 2056 me
619 2005 745 2080 parum
770 1980 880 2053 amice
903 1975 1043 2065 sentiat,
1068 1977 1129 2074 qni
1158 2000 1214 2052 me
1240 1977 1329 2052 nihil
1353 1977 1424 2050 tale
1445 1979 1608 2050 meritum
1628 1982 1733 2054 tanti·

540 2077 729 2176 praeconiis
742 2073 957 2164 honorarit,
975 2094 1143 2168 tantoque
1157 2071 1291 2168 semper
1310 2096 1426 2146 amore
1443 2071 1644 2170 prosecutus
1661 2072 1738 2150 fue·

540 2176 604 2249 rit.
649 2171 731 2268 Ego
747 2191 834 2246 utte
855 2167 999 2244 revisam
1022 2188 1165 2264 operam
1191 2167 1310 2243 dabo:¹
1329 2192 1370 2243 ac
1397 2167 1423 2240 fi
1447 2192 1502 2242 me
1530 2169 1613 2244 nine
1631 2194 1743 2268 expe·

541 2271 618 2344 dire
632 2289 782 2366 potero,
806 2289 887 2340 cum
911 2262 1074 2362 Bonifatio
1096 2263 1214 2338 adero.
1261 2265 1307 2338 In
1323 2267 1392 2338 hoc
1408 2264 1621 2358 profcenium
1637 2267 1735 2342 hand

420 2440 425 2446 ,
542 2387 766 2460 magnacum
789 2360 920 2436 fiducia
933 2359 1126 2445 descendo,
1152 2359 1327 2456 aequiotes.
1342 2379 1455 2432 tamen
1484 2361 1735 2452 nobiscnm,

542 2462 747 2556 quicunqne.
768 2459 907 2532 tandem
929 2451 1050 2528 nostra
1073 2457 1190 2550 legere
1222 2453 1480 2552 dignabuntur,
1511 2455 1540 2529 st
1561 2479 1631 2530 non
1654 2481 1738 2532 cnm

544 2558 588 2628 iis
608 2578 688 2652 qute
702 2555 750 2627 ab
767 2553 891 2626 Alcinio
915 2552 973 2624 vel
998 2546 1094 2644 Zosto
1118 2547 1333 2646 profeffionis
1356 2551 1481 2625 nostrae
1499 2553 1741 2650 Coryphaeis,

543 2650 605 2726 sed
629 2671 708 2746 qnae
733 2651 884 2744 evulgo
912 2651 970 2712 τοῖν
985 2645 1236 2730 dondanin-
1265 2648 1417 2720 eduntur
1431 2699 1448 2733 „
1475 2647 1590 2722 nostra
1616 2671 1740 2722 contn-

544 2747 659 2820 lerint
709 2741 802 2816 Vale
819 2767 860 2817 ac
881 2740 1039 2840 Viglium
1064 2764 1177 2816 amare
1208 2767 1250 2818 ac
1274 2741 1397 2820 fovere
1427 2765 1553 2840 perge..
1594 2741 1747 2820 Rastleae·

545 2862 646 2914 xrm.
655 2837 864 2915 Decembris
880 2861 938 2912 an.
953 2859 1058 2931 1533,

371 3083 505 3150 me
590 3119 594 3128 ,
735 3011 1490 3130 'EPISTOLALIL

374 3161 521 3230 nonlI.

374 3247 480 3386 ξιξ»
692 3259 1096 3356 noemin
1151 3216 1642 3357 wintone.

407 3463 514 3617 ¹53³}
557 3493 728 3586 Onmem
776 3495 889 3578 ortiss
913 3453 1194 3602 'typographia
1232 3495 1429 3574 rationem
1475 3487 1752 3600 irfiruntento
1807 3461 1812 3469 „
1886 3563 1888 3600 2

673 3629 793 3708 rum,
822 3609 1202 3716 operariorumque,
1229 3603 1414 3690 accurati·
1437 3601 1639 3718 describit.
1886 3607 1888 3648 ³

428 3824 433 3834 “
547 3827 738 4000 OUum
757 3826 904 3924 perolio
916 3824 1111 3898 studiorum
1122 3847 1282 3900 meorum
1293 3830 1467 3902 curriculo
1484 3829 1519 3902 in
1531 3831 1681 3907 Pateiam
1694 3855 1755 3912 to-

665 3923 823 4010 versom‚
848 3921 958 3995 multa
983 3923 1059 4011 (nti
1082 3920 1158 3994 fieri
1181 3921 1293 4019 solet)
1318 3943 1390 3996 turn
1413 3948 1575 4022 parentes
1598 3951 1640 4001 ac
1662 3951 1753 4024 pto·

555 4021 682 4115 pinqui
698 4022 792 4091 inter
810 4041 900 4115 qnos
915 4039 973 4102 te,
998 4015 1045 4088 mi
1060 4017 1179 4102 Dorio,
1206 4017 1308 4094 facile
1318 4021 1386 4096 mei
1398 4021 1652 4096 amantissimum
1669 4022 1754 4098 sum

556 4134 737 4207 expertus,
762 4113 805 4187 de
834 4114 1004 4186 anteaetae
1025 4113 1113 4188 vitae
1140 4113 1259 4188 studiis
1275 4164 1293 4199 ‚.
1311 4114 1418 4210 iisque
1444 4119 1573 4212 rebus,
1598 4139 1751 4215 quarum

556 4211 710 4304 eliqnam
719 4210 958 4302 cognitionem
977 4210 1087 4304 longa
1098 4209 1310 4302 experientia
1330 4233 1371 4292 at
1383 4279 1385 4286 ,
1397 4235 1760 4311 ιιιιιοιιιιιιιιιιιιιιοιιι.

558 4305 676 4384 decim
688 4305 857 4384 continua
882 4301 1039 4384 absentia
1061 4302 1378 4404 conparaverat,
1397 4309 1539 4388 coense
1556 4311 1753 4422 interrogo

1110 4459 1114 4466 ·
1648 4426 1763 4504 ms
