3967 5167
518 487 600 576 106
627 479 860 580 VIGLII
887 503 957 572 nii
985 474 1252 572 AYTTA
1286 471 1667 572 ZUICHEMI

430 693 435 700 ·
514 661 631 733 nullos
646 682 702 733 me
723 673 875 752 unquam
893 654 1077 729 hominurn
1090 653 1252 729 retrahet,
1308 651 1401 727 illud
1425 677 1541 728 autern
1558 679 1645 730 vero
1663 683 1722 735 ve·

516 759 589 830 rius
608 752 681 922 efil,
706 778 778 845 pon
803 755 850 824 ob
875 753 968 825 aliud
984 745 1109 846 cepiffe
1135 751 1216 822 istos
1248 749 1429 824 confilium
1456 769 1637 847 tantopere
1665 775 1724 829 ex·

515 848 626 924 tollen
651 853 664 922 i
681 855 855 924 Ciceronem
869 886 881 934 5
895 844 1000 942 quim
1014 869 1055 918 ut
1067 843 1192 936 Erdsmi
1208 845 1335 921 famam
1356 839 1601 934 obliterarent,
1614 873 1717 943 quam

513 951 558 1038 ad
585 966 716 1019 tantum
735 963 902 1039 exurgere
927 941 1101 1039 fastigium
1131 941 1256 1016 acerbe
1284 940 1412 1026 serunt.
1463 941 1542 1017 Nec
1566 965 1715 1038 potuere

476 1049 479 1054 ’
513 1043 785 1117 commodiorem
806 1036 958 1133 reperire
973 1043 1150 1120 colorem,
1175 1037 1238 1110 sub
1263 1061 1334 1132 quo
1358 1039 1502 1112 invidiae
1519 1042 1648 1112 malum
1666 1047 1715 1115 te·

514 1157 658 1234 gerent,
682 1133 986 1232 imprudentesque
1008 1139 1188 1208 literarum
1213 1135 1416 1207 candidatos
1443 1137 1539 1208 atui
1566 1137 1712 1211 admira-

514 1237 611 1318 tione
630 1232 849 1328 lellioneque
879 1253 1048 1326 arcerent.
1102 1229 1202 1322 Quid
1224 1231 1315 1303 enlm
1333 1229 1394 1302 sibi
1419 1231 1521 1314 vult,
1547 1231 1643 1326 quod
1670 1235 1711 1306 il·

515 1322 587 1402 lu'm
604 1353 709 1425 quem
725 1327 860 1427 semper
880 1318 1012 1400 liabent
1028 1329 1068 1426 jn
1095 1323 1176 1410 ore,
1206 1350 1277 1397 non
1302 1328 1400 1399 aliter
1415 1327 1579 1415 laudant,
1607 1349 1711 1422 qoam

516 1414 599 1498 cuin
616 1419 768 1520 quadam
794 1446 880 1512 nota
904 1430 1046 1494 tuorum
1067 1417 1295 1520 scriptorum?
1319 1418 1483 1510 Quorum
1510 1442 1629 1495 tainen
1653 1427 1717 1498 ho·

514 1515 637 1617 noreln
663 1519 755 1618 apud
781 1519 937 1612 integros
954 1519 1116 1591 literarlae
1134 1519 1184 1591 rei
1201 1511 1335 1613 j'udices
1359 1515 1577 1591 illustriorem
1605 1521 1715 1616 reipsa

512 1608 668 1703 faciunt:
692 1611 772 1690 'curu
795 1614 893 1710 quod
913 1613 966 1686 illi
991 1611 1143 1708 maligne
1168 1613 1263 1709 ap‘ud
1290 1615 1378 1684 aiios
1402 1633 1572 1706 carpunt,
1595 1615 1716 1690 luben·

514 1731 567 1786 ter
584 1715 620 1784 in
637 1712 805 1785 cubiculis
827 1711 968 1804 legan't,
987 1725 1097 1804 ‘atque
1120 1731 1165 1784 ex
1181 1709 1279 1783 libris
1304 1709 1371 1782 tuis
1389 1707 1587 1804 proficiant.
1625 1707 1714 1800 Quo

484 1874 487 1881 .
515 1807 751 1882 detestabilior
771 1805 820 1880 est
837 1807 914 1880 haee
936 1805 1142 1900 improbitas
1162 1805 1399 1900 ingratitudini
1418 1804 1610 1902 conjundln
1661 1807 1712 1882 Et

517 1904 617 1997 illurn
641 1927 712 1976 non
731 1901 861 1999 puduit
885 1899 975 1998 adeo
996 1897 1174 1994 manifeste
1198 1902 1382 1974 veritatem
1399 1903 1595 1987 invertere,
1620 1902 1711 1996 quis·

515 2003 592 2094 quis
609 1987 740 2095 fuerit,
764 1995 829 2094 qui
854 1996 967 2090 nuper
988 1989 1157 2070 famosum
1178 1996 1280 2068 'illuni
1306 1995 1486 2069 calumniis
1508 1997 1710 2072 mendaciis·

515 2093 585 2188 que
606 2093 799 2169 'scatentem
814 2080 970 2165 iibenini
987 2092 1026 2163 in
1048 2093 1164 2166 lucem
1183 2089 1232 2164 est
1249 2087 1349 2162 'ausui
1366 2089 1532 2171 eminere.
1581 2091 1622 2166 ln
1637 2115 1709 2188 quo

363 2267 366 2274 ,
514 2209 550 2260 te
567 2191 722 2263 Ciceronis
744 2190 875 2263 lumina
897 2180 1042 2260 voluiii'e
1058 2177 1241 2261 obscurare
1261 2185 1402 2280 objicit,
1426 2203 1497 2280 qno
1524 2207 1585 2261 tua
1606 2195 1708 2266 unius

513 2283 642 2393 scripta
656 2289 865 2394 legerentur.
883 2379 891 2394 ·
916 2285 1010 2394 Cum
1024 2277 1089 2449 ipfi
1107 2289 1179 2354 non
1197 2281 1264 2394 aliu
1277 2283 1411 2356 ratione
1427 2285 1523 2356 illum
1540 2281 1649 2358 solum
1668 2288 1705 2358 in

515 2383 644 2490 linguae
660 2385 778 2481 latinae
802 2377 1017 2473 Capitolium
1063 2376 1192 2450 udeant
1212 2377 1406 2464 inducere,
1430 2379 1533 2474 qulrn
1548 2397 1588 2450 ut
1605 2378 1705 2475 Eras-

358 2547 378 2561 Ι
513 2473 748 2564 munuminde
768 2478 955 2548 terminum
981 2457 1131 2568 ejiciant.
1180 2469 1259 2560 Qui
1284 2489 1489 2546 tamennon
1501 2472 1706 2568 polleffione

512 2571 604 2667 nilla
622 2568 696 2671 lide
721 2570 922 2644 continuata
935 2571 1061 2654 ,locuni
1089 2563 1209 2664 cepit,
1233 2566 1292 2642 sed
1316 2563 1490 2670 justiliinio
1510 2569 1618 2644 ‘titulo
1642 2570 1705 2644 fibi

513 2663 716 2741 velidicavlt
739 2669 857 2738 daturii
884 2661 1151 2738 ddlliffiinorum
1169 2665 1358 2762 dominum
1380 2661 1551 2757 suffng'in
1571 2715 1583 2753 ,
1606 2686 1705 2741 oeter·

512 2757 632 2857 nil'tjlie
646 2759 881 2834 monumentis
896 2740 1096 2833 stabilitum.
1146 2757 1206 2832 Ne
1221 2777 1336 2832 autern
1351 2759 1524 2834 illebelld
1537 2760 1705 2838 artificio·

511 2851 620 2956 sdque
642 2856 796 2934 fabulam
817 2855 1011 2950 'auspicatus
1035 2851 1106 2944 est,
1131 2849 1292 2928 fistitium
1310 2855 1448 2928 uitulum
1475 2860 1573 2950 operi
1587 2855 1707 2932 inscri-

455 2955 471 2964 ”
513 2949 614 3050 bene.
664 2949 758 3041 Quis
786 2949 880 3024 'enim
908 2953 978 3023 tam
1011 2951 1193 3048 impudens
1217 2975 1257 3024 or
1283 2949 1406 3039 habet,
1429 2973 1472 3026 ut
1492 2951 1561 3026 fine
1587 2952 1705 3048 perso-

515 3043 562 3122 n'a
579 3045 649 3124 fam
672 3045 816 3143 infignia
834 3044 1014 3120 mendacia
1035 3043 1325 3148 calumniosasque
1344 3049 1571 3145 contumelias
1589 3049 1704 3144 publi·

515 3143 560 3219 ce
586 3147 694 3245 'alicui⁴
721 3147 878 3240 ingerere
908 3143 1065 3214 audeat?
1098 3139 1251 3230 Erasmus
1276 3163 1348 3215 non
1371 3142 1457 3244 legit
1486 3145 1548 3216 Art·
1574 3149 1706 3234 uelem,

515 3240 553 3316 δι
575 3237 635 3316 ille
654 3239 770 3339 legille
787 3238 902 3314 videri
917 3238 1018 3324 unit,
1041 3237 1104 3330 qui
1119 3235 1298 3333 'calumniis
1316 3239 1519 3312 mendacibu
1536 3261 1605 3334 que
1623 3263 1707 3313 con·

512 3335 608 3432 vitiis
635 3333 764 3441 sarnam
777 3334 984 3442 'audilpatlir
1006 3329 1087 3406 edm
1103 3335 1253 3500 'propria
1281 3334 1582 3425 remanerem
1608 3335 1708 3410 disci·

511 3433 611 3531 plina
633 3433 669 3504 ln
687 3425 845 3507 veritatis
859 3429 1083 3526 ln‘da'galione
1102 3439 1168 3500 con
1185 3428 1270 3501 illut.
1320 3427 1435 3503 Proh!
1461 3449 1601 3504 mutum
1621 3431 1708 3504 Cirt-

514 3521 735 3695 rppiiunffitlripppe
756 3516 1582 3712 Oratogemiuerpi'pi‘ldaCelnlspripmstpirgulplm.
1609 3526 1706 3636 ,Hic

514 3644 588 3697 eo
684 3641 933 3694 irumnoro
1062 3640 1081 3688 a
1148 3641 1195 3692 er.
1284 3641 1366 3693 co
1427 3643 1504 3692 rum
1548 3641 1703 3694 ominum

512 3715 637 3791 Index.
687 3717 746 3791 Ab
770 3709 1029 3790 hoc'discladu’s
1046 3715 1319 3810 eloquentiam,
1344 3717 1414 3790 hoc
1433 3737 1550 3789 autern
1573 3717 1621 3790 est
1645 3720 1706 3810 ad·

512 3813 657 3888 versarii
665 3810 791 3886 famam
800 3809 1017 3892 incusare‚se
1027 3808 1122 3905 apud
1132 3811 1244 3884 bonos
1253 3809 1415 3884 infamem
1423 3813 1705 3908 reddere,atque

514 3909 553 3982 in
571 3911 701 4004 pelvim
710 3953 733 4004 ‚f
769 3907 989 4001 uoddicitur
1002 3902 1148 4008 spuere.¹
1161 3903 1261 4004 Quid
1280 3925 1395 3980 autem
1413 3905 1507 3980 aliud
1523 3909 1582 3980 ille
1599 3907 1706 3997 facit,
1808 3941 1815 3954 ·

506 4005 575 4097 ‘qui
596 3997 771 4093 manifeste
793 4002 877 4078 falsa
900 3994 1121 4096 objiciendo,
1145 3997 1349 4098 temereque
1373 4003 1631 4090 maledicendo,
1652 4027 1705 4078 re·

510 4096 654 4172 fellendi
677 4102 919 4195 purgandique
939 4095 1061 4172 labore
1092 4096 1144 4171 ita
1177 4099 1273 4169 ioum
1300 4120 1497 4180 exonerat,
1531 4119 1572 4170 ut
1591 4095 1703 4193 ipsius

499 4198 613 4269 'etiarn
635 4193 771 4269 causam
807 4218 879 4268 non
904 4191 1071 4288 petuill'er
1092 4194 1202 4287 magio
1231 4192 1426 4286 adjuvare,
1461 4189 1498 4264 ἃ
1523 4195 1702 4288 propriam

509 4291 790 4370 existimationem
812 4293 962 4380 laedere,
993 4287 1100 4387 quim
1128 4285 1153 4360 fi
1179 4283 1226 4362 fic
1250 4287 1498 4385 oppugnaret?
1523 4287 1702 4366 Libellum

1586 4403 1702 4462 autem
