3967 5167
504 514 509 521 “
566 560 646 625 212
675 522 910 635 victu
937 548 1006 619 aa
1034 475 1289 621 avrT‘A
1323 522 1698 623 zurcrannr

566 727 695 800 scilicet
716 724 814 797 isthic
846 720 1033 802 tabellarii,
1059 718 1139 793 cum
1162 721 1221 791 iric
1242 719 1377 815 publici
1401 744 1523 796 currus
1545 722 1674 797 manfio
1699 724 1764 815 sit,

571 824 608 896 &
658 836 807 914 uotquot
829 820 889 890 vel
916 819 952 886 in
982 813 1194 909 superiorem
1222 816 1443 889 Germaniam
1472 822 1531 893 vel
1558 821 1594 891 in
1624 818 1763 894 Italiam

567 844 854 1012 ministrmus,
879 909 949 981 srve
975 912 1020 981 ad
1039 908 1251 992 Caesaream,
1275 908 1346 982 five
1369 911 1414 984 ad
1438 913 1669 1008 RegiamM.
1695 916 1764 991 iric

569 1010 709 1103 transrre
745 1004 877 1081 necesse
910 1006 1085 1079 habeant·
1121 1004 1359 1098 Quamobrem
1383 1030 1422 1081 tu
1451 1030 1510 1080 aut
1543 1012 1625 1083 alias
1652 1010 1763 1085 dicito

567 1106 682 1181 causas
692 1156 701 1189 ,
714 1123 773 1176 aut
783 1105 944 1197 deinceps
960 1102 1129 1194 prolixius
1139 1099 1335 1173 crebriusve
1344 1100 1491 1176 scribito.
1519 1103 1632 1176 Risrsti
1647 1128 1763 1198 meum

569 1202 813 1286 decuriandum,
838 1219 902 1290 age
920 1199 1033 1282 verd,
1058 1194 1083 1267 fi
1102 1196 1248 1290 pedibus
1272 1218 1397 1289 parum
1420 1197 1702 1294 pollum,'equis
1716 1202 1764 1276 'in

441 1345 445 1358 .
569 1298 756 1390 planiciem
778 1292 1001 1377 descendam,
1027 1292 1064 1361 δι
1080 1289 1317 1363 srArtbisochns
1342 1292 1411 1386 (a)
1430 1292 1586 1365 esse-non
1601 1294 1760 1389 possum,

570 1390 648 1465 fiam
678 1392 853 1481 Hipponax.
898 1386 914 1483 (
926 1386 972 1481 3)
1004 1385 1064 1457 An
1091 1408 1130 1458 tn
1164 1384 1234 1458 sola
1263 1389 1414 1459 carmina
1441 1389 1602 1463 mordere
1629 1399 1761 1483 putas?

570 1488 619 1559 At
646 1486 851 1558 ui'orationi
879 1506 949 1555 non
969 1477 1079 1553 deesse
1104 1480 1247 1563 de'utes,
1274 1481 1445 1568 Ciceronis,
1471 1488 1686 1579 aliorumque
1712 1491 1763 1561 in·

571 1512 719 1655 veaivae
734 1579 930 1651 ostendunt.
956 1576 1029 1649 Sed
1045 1576 1212 1648 minarum
1228 1574 1318 1647 satis.
1368 1577 1464 1670 Basta
1480 1580 1593 1653 fratris
1613 1585 1663 1654 tui
1678 1584 1764 1675 (4).

570 1698 791 1770 magnacum
817 1677 1001 1768 voluptate
1019 1672 1111 1765 legi,
1137 1668 1344 1765 miratusque
1370 1672 1407 1743 in
1436 1676 1484 1746 eis
1511 1677 1659 1748 maxime
1690 1676 1763 1751 sum

572 1770 652 1845 etim
669 1774 805 1865 copiam
829 1768 1157 1860 inventionemque,
1183 1785 1256 1838 tum
1280 1766 1494 1844 venustatem
1529 1792 1633 1863 atque
1655 1770 1763 1865 ipsam

572 1866 766 1953 Venerem,
792 1886 893 1958 quam
909 1864 968 1934 ille
992 1860 1153 1957 profesid
1165 1862 1253 1933 bene
1272 1864 1461 1959 propitiam
1476 1867 1603 1939 habere
1620 1867 1762 1957 debuit,

571 1980 612 2035 ut
638 1981 767 2033 tantam
789 1958 824 2029 δι
850 1978 917 2029 tam
937 1956 1075 2030 suavem
1101 1960 1133 2030 ei
1163 1954 1315 2032 basiandi
1336 1962 1513 2032 materiam
1545 1959 1758 2055 suggereret.

572 2054 702 2130 Habeo
724 2076 839 2128 autem
857 2055 999 2125 multam·
1013 2076 1081 2148 pro
1097 2054 1147 2125 eis
1159 2058 1164 2063 ’
1169 2056 1337 2148 gratiam,
1362 2054 1399 2127 dt
1425 2054 1550 2131 referre
1575 2062 1678 2129 etiarn
1698 2082 1763 2154 pet
1890 2142 1891 2151 .

572 2151 787 2226 occasionem
804 2148 959 2222 studebo.
1010 2150 1161 2221 Gaudeo
1184 2146 1306 2221 fratres
1322 2145 1435 2223 salvos
1457 2173 1500 2223 ex
1517 2149 1689 2245 Hispania
1709 2178 1763 2227 rt·

574 2244 679 2320 diille.
732 2244 848 2339 Quam
885 2246 990 2317 velim
1023 2244 1088 2317 tibi
1114 2242 1220 2315 Frisia
1258 2265 1336 2320 mea
1361 2245 1409 2317 ita
1436 2245 1697 2331 adlubesoertt,
1721 2269 1764 2322 ut

572 2360 747 2437 perpetuo
770 2342 841 2414 illic
858 2340 985 2413 morari
1003 2340 1155 2411 animum
1178 2340 1371 2412 induceres.
1421 2340 1479 2412 Ex
1503 2364 1546 2415 eo
1565 2346 1653 2415 enirn
1667 2345 1767 2420 inter

468 2484 472 2496 ·
574 2460 638 2510 nos
660 2439 695 2511 δι
722 2434 910 2520 scribendi,
936 2434 974 2507 δι
1008 2434 1237 2509 conveniendi
1265 2438 1373 2529 major
1408 2434 1490 2536 ellat
1520 2438 1762 2547 oportunitas,

573 2531 654 2606 ciam
680 2554 747 2627 ego
774 2534 845 2605 illic
868 2552 1044 2626 parentem
1065 2530 1182 2603 adhuc
1209 2549 1395 2623 utrumque
1426 2531 1464 2602 in
1488 2534 1578 2605 vivas
1603 2535 1764 2607 habeam.

573 2625 802 2701 Funstionem
821 2628 897 2711 hic,
923 2626 971 2696 mi
987 2624 1171 2711 Hadriane,
1196 2623 1316 2699 narras
1336 2623 1410 2697 sum
1423 2648 1503 2699 cum
1518 2627 1765 2723 primissplen·

575 2723 711 2805 didam,
735 2724 1009 2817 necquicquam
1035 2721 1151 2814 deest,
1176 2720 1238 2792 nisi
1273 2719 1369 2815 quod
1391 2744 1463 2793 non
1493 2720 1535 2796 srt
1564 2746 1763 2819 perpetua,

575 2820 705 2912 alioqui
730 2818 773 2889 de
796 2819 861 2888 alia
882 2838 926 2888 ne
948 2816 1102 2909 cogitare
1123 2816 1264 2911 quidem
1290 2838 1442 2911 unquam
1463 2821 1580 2891 velim.
1629 2818 1765 2893 Reddit

575 2932 689 2987 tamen
709 2934 763 2983 me
790 2912 920 2983 interea
947 2912 1135 2993 idoneum,
1159 2931 1199 2984 ut
1217 2910 1281 2981 ubi
1304 2932 1394 3003 opus
1417 2914 1504 3000 erit,
1528 2914 1627 2986 aliam
1642 2916 1766 2987 condi·

573 3010 704 3081 tionem
718 3004 852 3080 facilius
862 3006 1019 3081 invenire
1029 3028 1163 3102 queam.
1184 3006 1277 3079 Cum
1293 3004 1477 3099 superioris
1493 3028 1607 3083 autem
1615 3008 1766 3083 Germa·

574 3105 642 3175 niae
666 3103 811 3197 ingeniis
834 3099 911 3173 satis
935 3102 1021 3173 mihi
1039 3103 1226 3175 convenire
1238 3099 1368 3197 posset,
1393 3099 1495 3175 srista
1512 3106 1702 3197 aliqnando
1719 3107 1765 3178 de

578 3201 746 3292 religione
766 3196 893 3269 diffidia
917 3215 1146 3290 ponerentur:
1172 3216 1260 3289 quan
1288 3218 1366 3267 uam
1388 3216 1481 3268 certe
1506 3196 1650 3271 inferior
1667 3204 1765 3275 natio

577 3292 692 3369 nostra
725 3313 796 3365 non
826 3294 938 3366 minus
964 3294 1063 3390 gravi
1098 3220 1379 3389 Anabaprisarnrr
1417 3288 1507 3366 setta
1545 3297 1760 3461 concut‘lqtur.

1703 3414 1767 3463 ene

621 3545 684 3633 (a)
705 3544 914 3632 Archilochus]
938 3546 1047 3615 Poeta
1064 3560 1196 3632 graecua
1206 3590 1218 3624 ,
1239 3546 1368 3631 primua
1385 3545 1474 3615 inter
1495 3564 1576 3625 eos,
1597 3546 1656 3629 qui
1672 3547 1767 3633 Jam-

580 3631 644 3697 bos
672 3630 852 3715 scripsere,
872 3633 908 3697 in
962 3630 1061 3698 uibus
1081 3630 1210 3696 summa
1237 3632 1306 3708 vis,
1327 3632 1494 3718 elegantia
1522 3648 1563 3696 ac
1589 3631 1766 3697 vibrantes

576 3708 765 3782 sententiae.
786 3714 861 3781 Cor.
883 3650 979 3781 Stel.

621 3796 690 3943 qg)
712 3796 900 3883 Hipponax]
924 3731 1032 3863 sueta
1069 3793 1248 3877 Ephesius,
1272 3797 1330 3878 qui
1348 3798 1384 3862 in
1408 3796 1556 3880 pistores
1580 3792 1766 3889 quosdam,

579 3894 624 4026 qn
651 3879 881 3946 ddeformem
903 3870 995 3945 suam
1013 3896 1054 3944 ac
1078 3876 1210 3943 soedam
1232 3876 1356 3945 faciem
1376 3878 1515 3963 publice
1536 3876 1767 3961 exposuissent

607 3960 821 4039 eridendam,
842 3976 911 4028 tam
939 3962 1065 4027 acriter
1090 3959 1243 4029 investus
1263 3960 1332 4039 est,
1353 3978 1393 4029 ut
1415 3962 1545 4045 aliquot
1566 3978 1609 4026 ex
1631 3960 1698 4025 illis
1720 3958 1771 4024 ad

578 4042 636 4107 sus
655 4045 792 4111 eradium
808 4044 971 4129 adegerit.
988 4044 1083 4110 Idem.
1284 4092 1291 4105 .

597 4207 604 4220 ι
627 4060 652 4221 s)
648 4127 690 4210 4)
700 4126 801 4222 ‚Basta
815 4126 934 4222 frorrir
946 4126 1172 4275 rnifflqannss
1188 4126 1341 4195 Secundi
1357 4126 1515 4223 Bafiorrtm
1531 4126 1654 4221 librum
1665 4124 1772 4192 intel-

580 4208 677 4292 ligat,
697 4226 732 4273 m
748 4228 816 4293 quo
832 4210 978 4293 plurima
1042 4227 1121 4275 crva
1137 4226 1178 4275 ac
1194 4210 1355 4278 obscoena
1375 4211 1461 4295 lega,
1481 4224 1622 4277 notatur
1640 4226 1677 4273 rn
1689 4207 1772 4274 Bibs.

581 4290 664 4355 Bes.
689 4290 762 4359 Vns.
781 4290 919 4360 Andreae.
986 4310 1039 4359 uae
1057 4291 1281 4361 barotamen
1302 4293 1445 4359 mirifice
1473 4294 1611 4359 extollit
1635 4290 1772 4377 Viglius

580 4310 732 4461 minist.
753 4388 829 4459 quae
847 4374 936 4447 ello
1016 4392 1036 4444 e
1120 4372 1180 4443 IX.
1200 4376 1245 4444 nd
1260 4374 1411 4463 Joorrnern
1424 4374 1576 4461 Jntolrtrn
1588 4374 1772 4461 angm.
