3967 5167
581 510 928 647 216'V'1GL11
963 565 1030 634 m
1057 540 1320 655 Arrun
1355 537 1721 636 zutcnnun

585 762 656 813 non
673 734 779 811 modd
795 756 873 809 cum
885 754 986 810 aetate
1001 756 1157 811 veterem
1172 734 1269 810 illurn
1280 754 1378 810 tuum
1392 736 1428 807 in
1439 736 1553 809 literas
1563 758 1718 810 amorem
1730 738 1786 812 in-

584 831 761 919 crescere,
785 829 843 903 sed
865 834 968 908 etiam
987 830 1244 927 eloquentiam,
1269 832 1366 927 cujus
1377 826 1534 905 ‘naturali
1551 835 1702 927 quadam
1718 834 1784 907 bo·

585 930 693 1003 nitate
718 926 852 1021 semper
870 930 955 1001 mihi
980 930 1151 1023 praedituu
1172 924 1239 1000 effe
1255 928 1348 1001 visus
1367 926 1477 1010 fuisti,
1503 949 1573 1000 non
1601 928 1782 1003 mediocre

586 1026 679 1121 stylo
709 1026 760 1095 uti
778 1045 845 1119 ego
869 1025 1047 1110 arbitror,
1082 1026 1121 1099 δι
1147 1025 1349 1119 quotidiana
1373 1023 1516 1117 legendi
1537 1023 1784 1120 scribendique

585 1120 832 1195 exercitatione
854 1122 1106 1194 incrementum
1129 1120 1298 1214 accipere.
1328 1118 1402 1191 Sed
1418 1116 1507 1193 sacis
1527 1138 1589 1192 tuo
1599 1142 1718 1206 more,
1744 1143 1786 1195 ut

586 1216 848 1301 dillirnulatione
881 1214 1094 1309 duplicatam
1121 1215 1451 1291 laudemmerearia
1482 1214 1521 1287 δι
1547 1212 1719 1289 dodirinae
1742 1216 1785 1290 dt

586 1312 773 1385 modestiae.
823 1309 1062 1405 Quamobrem
1089 1306 1151 1384 etsi
1175 1313 1256 1383 alias
1282 1312 1369 1382 nihil
1394 1332 1466 1383 non
1490 1310 1615 1389 lubens
1638 1312 1704 1383 tibi
1719 1315 1783 1386 do·

586 1430 689 1491 nem,
716 1428 787 1501 quo
803 1410 912 1501 magia
923 1423 1037 1481 tamen
1053 1406 1131 1477 haec
1151 1407 1272 1479 ultima
1292 1426 1352 1479 tua
1369 1402 1514 1500 epistola
1529 1408 1615 1478 mihi
1629 1410 1783 1501 placuit,

588 1527 632 1577 eo
649 1526 704 1577 me
726 1501 872 1575 rariores
893 1502 952 1574 abs
978 1522 1013 1574 te
1030 1502 1148 1573 literar
1164 1504 1324 1595 accipere
1348 1504 1488 1594 gravina
1509 1500 1596 1575 sero.
1645 1502 1784 1577 Merito

588 1618 705 1671 autem
724 1616 786 1669 tuo
810 1596 953 1671 vicillim
978 1616 1013 1669 te
1037 1619 1135 1672 amo.
1161 1599 1198 1671 ur
1221 1598 1260 1669 id
1283 1620 1337 1669 me
1357 1620 1431 1671 non
1453 1598 1625 1680 civiliter,
1654 1596 1713 1673 sed
1741 1602 1784 1675 e'x

588 1698 705 1769 animo
721 1691 839 1766 dicere
857 1716 896 1767 tu
912 1696 1053 1788 quando
1077 1696 1175 1765 voles
1201 1692 1395 1787 experiere.
1444 1692 1529 1767 Non
1559 1692 1784 1791 dedignatum

588 1809 625 1861 te
653 1787 719 1862 eise
742 1808 870 1861 nomen
889 1808 988 1861 tuum
1014 1789 1052 1860 in
1075 1786 1201 1861 nostris
1225 1786 1384 1882 profiteri
1408 1790 1582 1874 numeria,
1608 1811 1652 1863 eo
1675 1794 1785 1886 magia

589 1886 715 1967 laudo,
741 1886 813 1981 qud
833 1903 870 1956 tu
885 1887 1011 1959 tetrius
1021 1882 1158 1977 judicas
1176 1882 1353 1978 quomodo
1364 1883 1536 1979 sapientie
1552 1886 1672 1958 titulus
1686 1905 1785 1961 tuen-

591 1980 657 2053 dus
686 1978 737 2052 fit.
788 1976 877 2052 Earn
899 1982 986 2053 verd
1018 1978 1218 2053 sententiam
1242 2000 1368 2068 tuam,
1401 1979 1579 2053 dottiffimi
1602 1981 1784 2055 clarillimi-

592 2100 661 2170 que
692 2076 760 2149 viri
792 2076 839 2147 D.
872 2074 1031 2168 Francisci
1066 2075 1264 2147 Cronrueldii
1305 2073 1525 2151 confirmabit
1555 2074 1783 2152 consuemdo.

590 2172 748 2244 Multum
775 2170 865 2243 enim
892 2168 1001 2244 refert
1025 2192 1104 2243 cum
1128 2168 1255 2265 quibus
1275 2169 1436 2245 verseris.
1484 2171 1641 2267 Ideoque
1679 2174 1784 2245 Cicero

590 2265 710 2340 scribit
727 2264 765 2336 P.
787 2266 904 2341 Rutilii
931 2264 1195 2339 adolescentiam
1221 2264 1505 2359 Jurisprudentiae
1514 2270 1725 2361 opinionem
1741 2268 1784 2339 P.

593 2364 698 2436 Mutii
714 2360 855 2433 domum
873 2358 1134 2434 commendasse.
1160 2358 1220 2432 De
1235 2359 1493 2437 Institutionum
1503 2384 1692 2457 graecarunr
1704 2386 1787 2435 ver·

593 2456 686 2530 fione
701 2458 785 2529 olim
801 2458 862 2529 ille
880 2459 924 2529 ad
942 2480 997 2527 me
1012 2456 1050 2528 in
1065 2453 1283 2549 Westphalia
1306 2455 1461 2554 scripfit,
1484 2478 1526 2529 ac
1548 2476 1619 2529 turn
1643 2480 1710 2552 ego
1733 2459 1787 2529 illi

594 2552 812 2627 emendatum
837 2554 1015 2645 exemplar
1045 2554 1379 2627 communicaturum
1401 2576 1457 2625 me
1482 2552 1620 2638 obtuli,
1651 2551 1709 2623 sed
1730 2553 1787 2625 ille

594 2645 760 2720 hasienus
782 2648 868 2721 nihil
892 2645 1079 2741 respondit.
1129 2646 1178 2718 Et
1193 2647 1306 2720 audio
1328 2670 1384 2723 eas
1410 2650 1528 2721 denuo
1546 2647 1589 2719 ab
1609 2645 1719 2741 Restio
1733 2671 1788 2721 ex·
1891 2654 1893 2661 '

596 2740 713 2829 cusas,
739 2744 835 2837 quod
854 2742 897 2815 ab
921 2764 963 2815 eo
980 2741 1242 2835 praetermilsum
1270 2742 1475 2833 maluissem,
1500 2763 1660 2816 nontam
1679 2746 1788 2816 Frobe-

580 2840 643 2909 'nii
666 2836 790 2921 causa,
814 2838 869 2909 cui
893 2860 932 2909 ea
956 2860 995 2910 re
1019 2838 1310 2924 incommodavit,
1336 2838 1439 2935 quarn
1458 2839 1556 2934 quod
1583 2861 1651 2933 ego
1670 2841 1788 2933 cupie-

597 2934 684 3016 rim,
708 2930 797 3025 ipsas
818 2929 1067 3005 emendatiores
1092 2931 1206 3005 rursus
1226 2932 1338 3007 edere.
1388 2934 1446 3007 De
1470 2934 1617 3010 Mulordi
1633 2935 1788 3006 humani-

598 3047 671 3099 tate
688 3030 774 3099 nihil
799 3028 882 3101 novi
910 3024 1040 3100 scribis.
1093 3026 1144 3100 Et
1164 3027 1243 3100 cium
1270 3050 1398 3123 praeter
1418 3030 1513 3102 illum
1533 3032 1704 3102 neminem
1727 3032 1788 3101 ha·

597 3122 699 3205 bearn
713 3142 898 3217 patronum
919 3124 955 3194 in
974 3118 1138 3195 inferiore
1159 3122 1371 3209 Germania,
1388 3126 1447 3196 ille
1464 3146 1580 3197 tamen
1599 3146 1688 3196 unus
1704 3126 1791 3197 mul·

598 3238 714 3293 torum
733 3220 817 3291 mibi
833 3214 882 3291 est
897 3216 1011 3291 instar.
1062 3219 1250 3309 Stephanum
1275 3218 1466 3291 Montanum
1488 3220 1556 3292 mei
1579 3220 1694 3293 adhuc
1717 3243 1789 3291 me·
1891 3278 1893 3288 .

604 3310 736 3386 miniffe
755 3313 902 3408 gaudeo.
953 3312 1093 3385 Etenim
1113 3312 1328 3408 Biturigibus
1344 3337 1424 3387 cum
1442 3316 1503 3387 illo
1525 3335 1621 3387 arcta
1638 3316 1723 3386 mihi
1739 3312 1789 3387 fa·

601 3412 778 3481 miliaritas
806 3408 998 3481 intercessit.
1058 3406 1107 3479 Et
1134 3411 1167 3481 ei
1196 3411 1314 3480 omnia
1343 3412 1424 3481 laeta
1448 3406 1625 3504 faustaque
1649 3431 1789 3504 precor.

605 3504 752 3576 Claudius
778 3504 986 3597 Pertingtrur
1011 3502 1141 3577 dudum
1162 3502 1326 3596 Augustae
1342 3526 1486 3578 uxorem
1505 3507 1605 3578 duxit
1620 3528 1789 3601 perquam

602 3602 821 3695 opulentam,
846 3620 952 3697 atque
976 3597 1105 3671 ibidem
1128 3598 1231 3671 habet
1245 3598 1288 3670 ab
1308 3598 1375 3673 suis
1399 3601 1533 3674 civibus
1549 3625 1621 3674 non
1639 3621 1793 3674 contem·

602 3695 756 3769 nendum
789 3694 1048 3782 honorarium,
1085 3694 1183 3787 qnod
1213 3716 1279 3766 vos
1308 3695 1381 3767 illic
1412 3694 1613 3790 penfioneni
1644 3697 1793 3783 vocatis.

521 3808 525 3816 '
603 3790 721 3889 Hujus
745 3810 845 3889 pater
871 3789 1029 3861 Corradus
1053 3787 1128 3885 (r)
1153 3807 1328 3878 vocatur,
1360 3787 1419 3865 sed
1444 3814 1518 3865 non
1540 3790 1691 3867 arbitror
1715 3814 1794 3867 eum

1729 3910 1795 3960 nu·

651 4066 716 4150 (1)
741 4067 918 4150 Corradus]
948 4063 1185 4132 Nicerom'nmfi
1218 4062 1374 4136 consulas
1394 4076 1479 4136 torn.
1509 4084 1560 4149 13.
1593 4082 1662 4132 non
1689 4082 1796 4149 repe·

608 4149 696 4225 ries,
735 4170 814 4217 eum
843 4151 1063 4217 Marimllirno
1093 4152 1179 4234 imp.
1208 4151 1346 4217 adfuilse
1375 4150 1412 4215 in
1434 4152 1494 4217 Bel
1518 4153 1573 4228 io,
1599 4149 1652 4215 uti
1674 4146 1796 4233 i‘iglr'us

608 4231 741 4308 asserit,
761 4234 819 4301 sed
838 4235 897 4299 illo
918 4252 937 4299 e
958 4234 1047 4299 vivis
1069 4248 1208 4318 erepto,
1230 4235 1359 4301 millum
1378 4232 1472 4302 fuine
1528 4250 1627 4318 rugas
1651 4232 1695 4298 ad
1720 4250 1795 4317 gra·

607 4315 786 4395 rulandum
807 4334 900 4387 novo
921 4316 1122 4413 Imperatori
1147 4316 1255 4383 Coruin
1268 4320 1312 4385 V.
1353 4316 1561 4383 lustruxerat
1581 4315 1796 4383 numerosam

608 4396 870 4477 bibliothecam,
891 4400 927 4467 iu
947 4418 1019 4483 ejus
1039 4396 1165 4469 familia
1177 4400 1413 4470 conservatam
1434 4400 1539 4485 usque
1560 4399 1604 4467 ad
1625 4418 1680 4468 an.
1703 4416 1795 4483 1715·

1720 4500 1794 4567 quae
