<?xml version="1.0" encoding="UTF-8"?>
<!DOCTYPE html PUBLIC "-//W3C//DTD XHTML 1.0 Transitional//EN"
    "http://www.w3.org/TR/xhtml1/DTD/xhtml1-transitional.dtd">
<html xmlns="http://www.w3.org/1999/xhtml" xml:lang="en" lang="en">
 <head>
  <title>
</title>
<meta http-equiv="Content-Type" content="text/html;charset=utf-8" />
  <meta name='ocr-system' content='tesseract 3.04.00' />
  <meta name='ocr-capabilities' content='ocr_page ocr_carea ocr_par ocr_line ocrx_word'/>
</head>
<body>
  <div class='ocr_page' id='page_1' title='image "./vitavigliiabayt04papegoog_0347.png"; bbox 0 0 3967 5167; ppageno 0'>
   <div class='ocr_carea' id='block_1_1' title="bbox 511 497 1659 677">
    <p class='ocr_par' dir='ltr' id='par_1_1' title="bbox 511 497 1659 677">
     <span class='ocr_line' id='line_1_1' title="bbox 511 497 1659 677; baseline 0.002 -56"><span class='ocrx_word' id='word_1_1' title='bbox 511 522 959 649; x_wconf 71' lang='lat' dir='ltr'>324v1uu11m</span> <span class='ocrx_word' id='word_1_2' title='bbox 987 528 1245 626; x_wconf 75' lang='lat' dir='ltr'>Arrun</span> <span class='ocrx_word' id='word_1_3' title='bbox 1281 497 1659 677; x_wconf 71' lang='lat' dir='ltr'>&#39;zutcuumr</span> 
     </span>
    </p>
   </div>
   <div class='ocr_carea' id='block_1_2' title="bbox 427 714 1727 3334">
    <p class='ocr_par' dir='ltr' id='par_1_2' title="bbox 427 714 1727 3334">
     <span class='ocr_line' id='line_1_2' title="bbox 512 714 1717 831; baseline -0.002 -24"><span class='ocrx_word' id='word_1_4' title='bbox 512 726 700 829; x_wconf 79' lang='lat' dir='ltr'>sponsa-dt</span> <span class='ocrx_word' id='word_1_5' title='bbox 717 726 872 806; x_wconf 87' lang='lat' dir='ltr'>oraculis</span> <span class='ocrx_word' id='word_1_6' title='bbox 887 714 1076 827; x_wconf 82' lang='lat' dir='ltr'>simplicem</span> <span class='ocrx_word' id='word_1_7' title='bbox 1091 728 1231 831; x_wconf 78' lang='lat' dir='ltr'>plebem</span> <span class='ocrx_word' id='word_1_8' title='bbox 1253 722 1377 805; x_wconf 72' lang='lat' dir='ltr'>misere</span> <span class='ocrx_word' id='word_1_9' title='bbox 1399 726 1629 827; x_wconf 18' lang='lat' dir='ltr'>ludificantes..</span> <span class='ocrx_word' id='word_1_10' title='bbox 1647 726 1717 805; x_wconf 83' lang='lat' dir='ltr'>Li-</span> 
     </span>
     <span class='ocr_line' id='line_1_3' title="bbox 514 828 1712 924; baseline -0.003 -19"><span class='ocrx_word' id='word_1_11' title='bbox 514 832 586 907; x_wconf 82' lang='lat' dir='ltr'><strong>bris</strong></span> <span class='ocrx_word' id='word_1_12' title='bbox 604 830 695 904; x_wconf 85' lang='lat' dir='ltr'>verd</span> <span class='ocrx_word' id='word_1_13' title='bbox 715 832 752 919; x_wconf 79' lang='lat'>&amp;</span> <span class='ocrx_word' id='word_1_14' title='bbox 777 828 938 902; x_wconf 88' lang='lat' dir='ltr'>omnibus</span> <span class='ocrx_word' id='word_1_15' title='bbox 959 828 1209 923; x_wconf 80' lang='lat' dir='ltr'>scriptoribus,</span> <span class='ocrx_word' id='word_1_16' title='bbox 1234 844 1305 899; x_wconf 89' lang='lat' dir='ltr'>tam</span> <span class='ocrx_word' id='word_1_17' title='bbox 1331 829 1509 901; x_wconf 88' lang='lat' dir='ltr'>veteribus</span> <span class='ocrx_word' id='word_1_18' title='bbox 1526 828 1632 924; x_wconf 77' lang='lat' dir='ltr'>quim</span> <span class='ocrx_word' id='word_1_19' title='bbox 1646 850 1712 902; x_wconf 83' lang='lat' dir='ltr'>ne·</span> 
     </span>
     <span class='ocr_line' id='line_1_4' title="bbox 516 922 1716 1025; baseline -0.004 -24"><span class='ocrx_word' id='word_1_20' title='bbox 516 930 592 1015; x_wconf 85' lang='lat' dir='ltr'>vis,</span> <span class='ocrx_word' id='word_1_21' title='bbox 616 929 751 1022; x_wconf 85' lang='lat' dir='ltr'>linguis¹</span> <span class='ocrx_word' id='word_1_22' title='bbox 768 928 851 1000; x_wconf 89' lang='lat' dir='ltr'>item</span> <span class='ocrx_word' id='word_1_23' title='bbox 875 947 981 1023; x_wconf 87' lang='lat' dir='ltr'>arque</span> <span class='ocrx_word' id='word_1_24' title='bbox 1013 924 1138 997; x_wconf 85' lang='lat' dir='ltr'>litteris</span> <span class='ocrx_word' id='word_1_25' title='bbox 1166 945 1304 996; x_wconf 89' lang='lat' dir='ltr'>omnem</span> <span class='ocrx_word' id='word_1_26' title='bbox 1325 922 1432 997; x_wconf 86' lang='lat' dir='ltr'>fidem</span> <span class='ocrx_word' id='word_1_27' title='bbox 1455 926 1716 1025; x_wconf 59' lang='lat' dir='ltr'>authoritatem</span> 
     </span>
     <span class='ocr_line' id='line_1_5' title="bbox 518 1019 1719 1119; baseline -0.001 -23"><span class='ocrx_word' id='word_1_28' title='bbox 518 1046 587 1119; x_wconf 90' lang='lat' dir='ltr'>que</span> <span class='ocrx_word' id='word_1_29' title='bbox 610 1024 850 1119; x_wconf 77' lang='lat' dir='ltr'>abrogavere:</span> <span class='ocrx_word' id='word_1_30' title='bbox 876 1020 913 1095; x_wconf 78' lang='lat' dir='ltr'>dt</span> <span class='ocrx_word' id='word_1_31' title='bbox 939 1046 986 1095; x_wconf 89' lang='lat' dir='ltr'>ne</span> <span class='ocrx_word' id='word_1_32' title='bbox 1010 1022 1126 1116; x_wconf 84' lang='lat' dir='ltr'>aliqua</span> <span class='ocrx_word' id='word_1_33' title='bbox 1147 1019 1324 1093; x_wconf 83' lang='lat' dir='ltr'>vetustatis</span> <span class='ocrx_word' id='word_1_34' title='bbox 1348 1022 1515 1094; x_wconf 86' lang='lat' dir='ltr'>memoria</span> <span class='ocrx_word' id='word_1_35' title='bbox 1538 1024 1635 1117; x_wconf 91' lang='lat' dir='ltr'>apud</span> <span class='ocrx_word' id='word_1_36' title='bbox 1651 1035 1719 1095; x_wconf 79' lang='lat' dir='ltr'>eos</span> 
     </span>
     <span class='ocr_line' id='line_1_6' title="bbox 519 1116 1720 1207; baseline 0 -14"><span class='ocrx_word' id='word_1_37' title='bbox 519 1140 733 1207; x_wconf 84' lang='lat' dir='ltr'>remaneret,</span> <span class='ocrx_word' id='word_1_38' title='bbox 757 1116 1000 1195; x_wconf 79' lang='lat' dir='ltr'>omniasemel</span> <span class='ocrx_word' id='word_1_39' title='bbox 1020 1117 1212 1191; x_wconf 87' lang='lat' dir='ltr'>litterarum</span> <span class='ocrx_word' id='word_1_40' title='bbox 1232 1135 1454 1189; x_wconf 88' lang='lat' dir='ltr'>monomenta</span> <span class='ocrx_word' id='word_1_41' title='bbox 1470 1138 1720 1193; x_wconf 80' lang='lat' dir='ltr'>concremave-</span> 
     </span>
     <span class='ocr_line' id='line_1_7' title="bbox 518 1210 1718 1311; baseline -0.002 -20"><span class='ocrx_word' id='word_1_42' title='bbox 518 1238 576 1291; x_wconf 87' lang='lat' dir='ltr'>re:</span> <span class='ocrx_word' id='word_1_43' title='bbox 601 1218 717 1311; x_wconf 86' lang='lat' dir='ltr'>palam</span> <span class='ocrx_word' id='word_1_44' title='bbox 738 1238 778 1287; x_wconf 91' lang='lat' dir='ltr'>ac</span> <span class='ocrx_word' id='word_1_45' title='bbox 806 1212 899 1289; x_wconf 81' lang='lat' dir='ltr'>clare</span> <span class='ocrx_word' id='word_1_46' title='bbox 923 1211 1083 1308; x_wconf 85' lang='lat' dir='ltr'>prolelsr,</span> <span class='ocrx_word' id='word_1_47' title='bbox 1108 1210 1315 1286; x_wconf 80' lang='lat' dir='ltr'>Chriil&#39;ranae</span> <span class='ocrx_word' id='word_1_48' title='bbox 1340 1210 1424 1285; x_wconf 80' lang='lat' dir='ltr'>fidei</span> <span class='ocrx_word' id='word_1_49' title='bbox 1446 1213 1562 1287; x_wconf 77' lang='lat' dir='ltr'>lucem</span> <span class='ocrx_word' id='word_1_50' title='bbox 1586 1214 1718 1289; x_wconf 84' lang='lat' dir='ltr'>verita-</span> 
     </span>
     <span class='ocr_line' id='line_1_8' title="bbox 518 1305 1719 1409; baseline -0.003 -22"><span class='ocrx_word' id='word_1_51' title='bbox 518 1334 662 1409; x_wconf 80' lang='lat' dir='ltr'>temque</span> <span class='ocrx_word' id='word_1_52' title='bbox 686 1308 766 1407; x_wconf 90' lang='lat' dir='ltr'>post</span> <span class='ocrx_word' id='word_1_53' title='bbox 785 1310 858 1406; x_wconf 85' lang='lat' dir='ltr'>ipsa</span> <span class='ocrx_word' id='word_1_54' title='bbox 876 1310 988 1382; x_wconf 90' lang='lat' dir='ltr'>statim</span> <span class='ocrx_word' id='word_1_55' title='bbox 1013 1305 1265 1405; x_wconf 82' lang='lat' dir='ltr'>Apostolorum</span> <span class='ocrx_word' id='word_1_56' title='bbox 1285 1325 1446 1405; x_wconf 87' lang='lat' dir='ltr'>tempora</span> <span class='ocrx_word' id='word_1_57' title='bbox 1467 1331 1532 1404; x_wconf 89' lang='lat' dir='ltr'>per</span> <span class='ocrx_word' id='word_1_58' title='bbox 1555 1312 1719 1383; x_wconf 84' lang='lat' dir='ltr'>homines</span> 
     </span>
     <span class='ocr_line' id='line_1_9' title="bbox 521 1400 1719 1503; baseline -0.003 -20"><span class='ocrx_word' id='word_1_59' title='bbox 521 1410 645 1483; x_wconf 78' lang='lat' dir='ltr'>dosio&#39;s</span> <span class='ocrx_word' id='word_1_60' title='bbox 660 1405 876 1481; x_wconf 84' lang='lat' dir='ltr'>obscuratam</span> <span class='ocrx_word' id='word_1_61' title='bbox 890 1402 987 1479; x_wconf 81' lang='lat' dir='ltr'>fuiffe</span> <span class='ocrx_word' id='word_1_62' title='bbox 997 1456 1009 1492; x_wconf 91' lang='lat'>,</span> <span class='ocrx_word' id='word_1_63' title='bbox 1035 1400 1259 1503; x_wconf 77' lang='lat' dir='ltr'>eamdemque</span> <span class='ocrx_word' id='word_1_64' title='bbox 1276 1427 1370 1479; x_wconf 89' lang='lat' dir='ltr'>nunc</span> <span class='ocrx_word' id='word_1_65' title='bbox 1388 1402 1503 1478; x_wconf 89' lang='lat' dir='ltr'>Deum</span> <span class='ocrx_word' id='word_1_66' title='bbox 1521 1426 1587 1503; x_wconf 87' lang='lat' dir='ltr'>per</span> <span class='ocrx_word' id='word_1_67' title='bbox 1607 1408 1719 1503; x_wconf 90' lang='lat' dir='ltr'>impe·</span> 
     </span>
     <span class='ocr_line' id='line_1_10' title="bbox 522 1496 1718 1601; baseline -0.006 -21"><span class='ocrx_word' id='word_1_68' title='bbox 522 1508 612 1580; x_wconf 85' lang='lat' dir='ltr'>ritus</span> <span class='ocrx_word' id='word_1_69' title='bbox 639 1501 877 1601; x_wconf 86' lang='lat' dir='ltr'>fimplicesque</span> <span class='ocrx_word' id='word_1_70' title='bbox 903 1497 1082 1577; x_wconf 86' lang='lat' dir='ltr'>restituere</span> <span class='ocrx_word' id='word_1_71' title='bbox 1107 1503 1210 1577; x_wconf 83' lang='lat' dir='ltr'>uelle.</span> <span class='ocrx_word' id='word_1_72' title='bbox 1259 1496 1420 1577; x_wconf 82' lang='lat' dir='ltr'>lusnitos</span> <span class='ocrx_word' id='word_1_73' title='bbox 1439 1504 1528 1578; x_wconf 80' lang='lat' dir='ltr'>vero</span> <span class='ocrx_word' id='word_1_74' title='bbox 1553 1503 1639 1577; x_wconf 85' lang='lat' dir='ltr'>alios</span> <span class='ocrx_word' id='word_1_75' title='bbox 1663 1524 1718 1575; x_wconf 85' lang='lat' dir='ltr'>er·</span> 
     </span>
     <span class='ocr_line' id='line_1_11' title="bbox 525 1591 1720 1696; baseline -0.005 -19"><span class='ocrx_word' id='word_1_76' title='bbox 525 1622 627 1677; x_wconf 83' lang='lat' dir='ltr'>rores</span> <span class='ocrx_word' id='word_1_77' title='bbox 650 1622 739 1695; x_wconf 84' lang='lat' dir='ltr'>quoe</span> <span class='ocrx_word' id='word_1_78' title='bbox 763 1600 941 1696; x_wconf 86' lang='lat' dir='ltr'>principio</span> <span class='ocrx_word' id='word_1_79' title='bbox 964 1594 1124 1695; x_wconf 88' lang='lat' dir='ltr'>proferre</span> <span class='ocrx_word' id='word_1_80' title='bbox 1149 1620 1220 1672; x_wconf 92' lang='lat' dir='ltr'>non</span> <span class='ocrx_word' id='word_1_81' title='bbox 1244 1594 1323 1672; x_wconf 87' lang='lat' dir='ltr'>funt</span> <span class='ocrx_word' id='word_1_82' title='bbox 1344 1591 1442 1686; x_wconf 81' lang='lat' dir='ltr'>auli,</span> <span class='ocrx_word' id='word_1_83' title='bbox 1476 1621 1557 1673; x_wconf 91' lang='lat' dir='ltr'>cum</span> <span class='ocrx_word' id='word_1_84' title='bbox 1580 1618 1720 1695; x_wconf 89' lang='lat' dir='ltr'>tempo·</span> 
     </span>
     <span class='ocr_line' id='line_1_12' title="bbox 468 1691 1719 1792; baseline -0.004 -18"><span class='ocrx_word' id='word_1_85' title='bbox 468 1733 472 1743; x_wconf 92' lang='lat'><strong>·</strong></span> <span class='ocrx_word' id='word_1_86' title='bbox 526 1696 576 1773; x_wconf 86' lang='lat' dir='ltr'>ris</span> <span class='ocrx_word' id='word_1_87' title='bbox 591 1692 770 1792; x_wconf 81' lang='lat' dir='ltr'>progressu</span> <span class='ocrx_word' id='word_1_88' title='bbox 786 1696 1006 1770; x_wconf 83' lang='lat' dir='ltr'>invexerunt.</span> <span class='ocrx_word' id='word_1_89' title='bbox 1038 1694 1148 1769; x_wconf 86' lang='lat' dir='ltr'>Initid</span> <span class='ocrx_word' id='word_1_90' title='bbox 1167 1715 1304 1781; x_wconf 90' lang='lat' dir='ltr'>tamen,</span> <span class='ocrx_word' id='word_1_91' title='bbox 1328 1691 1408 1770; x_wconf 79' lang='lat' dir='ltr'>ciam</span> <span class='ocrx_word' id='word_1_92' title='bbox 1432 1696 1510 1770; x_wconf 86' lang='lat' dir='ltr'>haec</span> <span class='ocrx_word' id='word_1_93' title='bbox 1524 1693 1612 1768; x_wconf 74' lang='lat' dir='ltr'>serra</span> <span class='ocrx_word' id='word_1_94' title='bbox 1633 1718 1719 1769; x_wconf 89' lang='lat' dir='ltr'>exo·</span> 
     </span>
     <span class='ocr_line' id='line_1_13' title="bbox 525 1788 1722 1888; baseline -0.003 -20"><span class='ocrx_word' id='word_1_95' title='bbox 525 1796 670 1879; x_wconf 85' lang='lat' dir='ltr'>riretur,</span> <span class='ocrx_word' id='word_1_96' title='bbox 696 1794 897 1867; x_wconf 84' lang='lat' dir='ltr'>nonnullam</span> <span class='ocrx_word' id='word_1_97' title='bbox 922 1789 1134 1865; x_wconf 69' lang='lat' dir='ltr'>innocentie</span> <span class='ocrx_word' id='word_1_98' title='bbox 1154 1789 1304 1888; x_wconf 88' lang='lat' dir='ltr'>speciem</span> <span class='ocrx_word' id='word_1_99' title='bbox 1327 1812 1399 1887; x_wconf 80' lang='lat' dir='ltr'>prae</span> <span class='ocrx_word' id='word_1_100' title='bbox 1417 1788 1453 1863; x_wconf 88' lang='lat' dir='ltr'>se</span> <span class='ocrx_word' id='word_1_101' title='bbox 1470 1790 1626 1865; x_wconf 85' lang='lat' dir='ltr'>serebat:</span> <span class='ocrx_word' id='word_1_102' title='bbox 1651 1788 1722 1887; x_wconf 85' lang='lat' dir='ltr'>qua</span> 
     </span>
     <span class='ocr_line' id='line_1_14' title="bbox 524 1884 1720 1989; baseline -0.002 -26"><span class='ocrx_word' id='word_1_103' title='bbox 524 1890 672 1989; x_wconf 78' lang='lat' dir='ltr'>simplici</span> <span class='ocrx_word' id='word_1_104' title='bbox 705 1890 800 1985; x_wconf 88' lang='lat' dir='ltr'>plebi</span> <span class='ocrx_word' id='word_1_105' title='bbox 834 1884 926 1962; x_wconf 78' lang='lat' dir='ltr'>vasti</span> <span class='ocrx_word' id='word_1_106' title='bbox 963 1885 1163 1984; x_wconf 79' lang='lat' dir='ltr'>scelestique</span> <span class='ocrx_word' id='word_1_107' title='bbox 1188 1888 1352 1960; x_wconf 77' lang='lat' dir='ltr'>authores</span> <span class='ocrx_word' id='word_1_108' title='bbox 1383 1885 1486 1960; x_wconf 82' lang='lat' dir='ltr'>facile</span> <span class='ocrx_word' id='word_1_109' title='bbox 1509 1888 1720 1983; x_wconf 81' lang='lat' dir='ltr'>imposuere.</span> 
     </span>
     <span class='ocr_line' id='line_1_15' title="bbox 427 1982 1723 2081; baseline -0.004 -19"><span class='ocrx_word' id='word_1_110' title='bbox 427 2028 433 2039; x_wconf 91' lang='lat'>·</span> <span class='ocrx_word' id='word_1_111' title='bbox 524 1987 670 2061; x_wconf 83' lang='lat' dir='ltr'>Etenim</span> <span class='ocrx_word' id='word_1_112' title='bbox 687 1986 750 2079; x_wconf 92' lang='lat' dir='ltr'>qui</span> <span class='ocrx_word' id='word_1_113' title='bbox 774 2006 895 2059; x_wconf 89' lang='lat' dir='ltr'>eurum</span> <span class='ocrx_word' id='word_1_114' title='bbox 917 1985 1090 2081; x_wconf 84' lang='lat' dir='ltr'><strong>dogmatis</strong></span> <span class='ocrx_word' id='word_1_115' title='bbox 1115 2006 1242 2057; x_wconf 92' lang='lat' dir='ltr'>nomen</span> <span class='ocrx_word' id='word_1_116' title='bbox 1265 1982 1411 2066; x_wconf 86' lang='lat' dir='ltr'>dabant,</span> <span class='ocrx_word' id='word_1_117' title='bbox 1436 1982 1511 2057; x_wconf 88' lang='lat' dir='ltr'>suas</span> <span class='ocrx_word' id='word_1_118' title='bbox 1533 1982 1723 2059; x_wconf 76' lang='lat' dir='ltr'>facultates</span> 
     </span>
     <span class='ocr_line' id='line_1_16' title="bbox 525 2078 1720 2179; baseline -0.002 -24"><span class='ocrx_word' id='word_1_119' title='bbox 525 2082 648 2179; x_wconf 89' lang='lat' dir='ltr'>sponte</span> <span class='ocrx_word' id='word_1_120' title='bbox 672 2082 709 2153; x_wconf 91' lang='lat' dir='ltr'>in</span> <span class='ocrx_word' id='word_1_121' title='bbox 727 2102 950 2156; x_wconf 85' lang='lat' dir='ltr'>communem</span> <span class='ocrx_word' id='word_1_122' title='bbox 970 2078 1068 2153; x_wconf 85' lang='lat' dir='ltr'>usum</span> <span class='ocrx_word' id='word_1_123' title='bbox 1091 2078 1277 2174; x_wconf 84' lang='lat' dir='ltr'>conferre,</span> <span class='ocrx_word' id='word_1_124' title='bbox 1298 2080 1441 2153; x_wconf 88' lang='lat' dir='ltr'>vestitus</span> <span class='ocrx_word' id='word_1_125' title='bbox 1459 2102 1598 2155; x_wconf 89' lang='lat' dir='ltr'>omnem</span> <span class='ocrx_word' id='word_1_126' title='bbox 1616 2105 1720 2154; x_wconf 88' lang='lat' dir='ltr'>orna·</span> 
     </span>
     <span class='ocr_line' id='line_1_17' title="bbox 524 2172 1722 2273; baseline -0.002 -20"><span class='ocrx_word' id='word_1_127' title='bbox 524 2199 602 2255; x_wconf 86' lang='lat' dir='ltr'>tum</span> <span class='ocrx_word' id='word_1_128' title='bbox 628 2180 821 2273; x_wconf 85' lang='lat' dir='ltr'>deponere,</span> <span class='ocrx_word' id='word_1_129' title='bbox 846 2178 952 2253; x_wconf 89' lang='lat' dir='ltr'>nullis</span> <span class='ocrx_word' id='word_1_130' title='bbox 975 2172 1043 2251; x_wconf 83' lang='lat' dir='ltr'>sese</span> <span class='ocrx_word' id='word_1_131' title='bbox 1073 2176 1232 2249; x_wconf 87' lang='lat' dir='ltr'>humanis</span> <span class='ocrx_word' id='word_1_132' title='bbox 1257 2176 1472 2250; x_wconf 81' lang='lat' dir='ltr'>commerciis</span> <span class='ocrx_word' id='word_1_133' title='bbox 1493 2175 1654 2265; x_wconf 86' lang='lat' dir='ltr'>miscere,</span> <span class='ocrx_word' id='word_1_134' title='bbox 1679 2174 1722 2251; x_wconf 77' lang='grc' dir='ltr'>δι</span> 
     </span>
     <span class='ocr_line' id='line_1_18' title="bbox 523 2270 1719 2373; baseline -0.003 -24"><span class='ocrx_word' id='word_1_135' title='bbox 523 2272 719 2373; x_wconf 75' lang='lat' dir='ltr'>persedbam</span> <span class='ocrx_word' id='word_1_136' title='bbox 735 2276 909 2371; x_wconf 86' lang='lat' dir='ltr'>quandam</span> <span class='ocrx_word' id='word_1_137' title='bbox 928 2274 1035 2347; x_wconf 77' lang='lat' dir='ltr'>ultam</span> <span class='ocrx_word' id='word_1_138' title='bbox 1062 2274 1190 2347; x_wconf 87' lang='lat' dir='ltr'>ducere</span> <span class='ocrx_word' id='word_1_139' title='bbox 1209 2270 1440 2368; x_wconf 85' lang='lat' dir='ltr'>jubebantur:</span> <span class='ocrx_word' id='word_1_140' title='bbox 1468 2274 1582 2348; x_wconf 89' lang='lat' dir='ltr'>donec</span> <span class='ocrx_word' id='word_1_141' title='bbox 1603 2273 1719 2346; x_wconf 85' lang='lat' dir='ltr'>statim·</span> 
     </span>
     <span class='ocr_line' id='line_1_19' title="bbox 527 2367 1718 2467; baseline -0.004 -19"><span class='ocrx_word' id='word_1_142' title='bbox 527 2371 700 2449; x_wconf 77' lang='lat' dir='ltr'>crescente</span> <span class='ocrx_word' id='word_1_143' title='bbox 718 2368 870 2467; x_wconf 90' lang='lat' dir='ltr'>ipsorum</span> <span class='ocrx_word' id='word_1_144' title='bbox 889 2390 1053 2456; x_wconf 90' lang='lat' dir='ltr'>numero,</span> <span class='ocrx_word' id='word_1_145' title='bbox 1077 2367 1228 2442; x_wconf 83' lang='lat' dir='ltr'>simulata</span> <span class='ocrx_word' id='word_1_146' title='bbox 1243 2371 1444 2443; x_wconf 88' lang='lat' dir='ltr'>innocentia</span> <span class='ocrx_word' id='word_1_147' title='bbox 1459 2370 1575 2464; x_wconf 81' lang='lat' dir='ltr'>detegi</span> <span class='ocrx_word' id='word_1_148' title='bbox 1586 2371 1718 2464; x_wconf 87' lang='lat' dir='ltr'>coepit:</span> 
     </span>
     <span class='ocr_line' id='line_1_20' title="bbox 525 2462 1716 2564; baseline -0.004 -20"><span class='ocrx_word' id='word_1_149' title='bbox 525 2467 732 2564; x_wconf 77' lang='lat' dir='ltr'>secretisque</span> <span class='ocrx_word' id='word_1_150' title='bbox 755 2464 1073 2563; x_wconf 72' lang='lat' dir='ltr'>conspirationibus</span> <span class='ocrx_word' id='word_1_151' title='bbox 1099 2466 1136 2540; x_wconf 77' lang='grc' dir='ltr'>δι</span> <span class='ocrx_word' id='word_1_152' title='bbox 1163 2462 1312 2539; x_wconf 88' lang='lat' dir='ltr'>consrliis</span> <span class='ocrx_word' id='word_1_153' title='bbox 1333 2466 1377 2539; x_wconf 80' lang='lat' dir='ltr'>eo</span> <span class='ocrx_word' id='word_1_154' title='bbox 1402 2488 1473 2538; x_wconf 89' lang='lat' dir='ltr'>rem</span> <span class='ocrx_word' id='word_1_155' title='bbox 1497 2468 1716 2561; x_wconf 84' lang='lat' dir='ltr'>perduxere,</span> 
     </span>
     <span class='ocr_line' id='line_1_21' title="bbox 526 2557 1721 2657; baseline -0.003 -18"><span class='ocrx_word' id='word_1_156' title='bbox 526 2586 568 2639; x_wconf 89' lang='lat' dir='ltr'>ut</span> <span class='ocrx_word' id='word_1_157' title='bbox 586 2566 689 2640; x_wconf 87' lang='lat' dir='ltr'>armis</span> <span class='ocrx_word' id='word_1_158' title='bbox 707 2564 904 2651; x_wconf 89' lang='lat' dir='ltr'>civitatem,</span> <span class='ocrx_word' id='word_1_159' title='bbox 929 2560 1054 2637; x_wconf 86' lang='lat' dir='ltr'>frustra</span> <span class='ocrx_word' id='word_1_160' title='bbox 1070 2583 1111 2635; x_wconf 91' lang='lat' dir='ltr'>ac</span> <span class='ocrx_word' id='word_1_161' title='bbox 1126 2557 1202 2637; x_wconf 90' lang='lat' dir='ltr'>serd</span> <span class='ocrx_word' id='word_1_162' title='bbox 1219 2560 1447 2636; x_wconf 89' lang='lat' dir='ltr'>renitentibus</span> <span class='ocrx_word' id='word_1_163' title='bbox 1465 2562 1565 2636; x_wconf 90' lang='lat' dir='ltr'>bonis</span> <span class='ocrx_word' id='word_1_164' title='bbox 1578 2561 1721 2657; x_wconf 81' lang='lat' dir='ltr'>quibus·</span> 
     </span>
     <span class='ocr_line' id='line_1_22' title="bbox 525 2654 1725 2759; baseline -0.007 -22"><span class='ocrx_word' id='word_1_165' title='bbox 525 2678 596 2759; x_wconf 84' lang='lat' dir='ltr'>que</span> <span class='ocrx_word' id='word_1_166' title='bbox 615 2659 771 2743; x_wconf 82' lang='lat' dir='ltr'>civibus,</span> <span class='ocrx_word' id='word_1_167' title='bbox 794 2678 1021 2755; x_wconf 88' lang='lat' dir='ltr'>occuparent.</span> <span class='ocrx_word' id='word_1_168' title='bbox 1070 2656 1153 2731; x_wconf 90' lang='lat' dir='ltr'>Nec</span> <span class='ocrx_word' id='word_1_169' title='bbox 1172 2658 1209 2732; x_wconf 91' lang='lat' dir='ltr'>id</span> <span class='ocrx_word' id='word_1_170' title='bbox 1223 2654 1289 2731; x_wconf 88' lang='lat' dir='ltr'>fuit</span> <span class='ocrx_word' id='word_1_171' title='bbox 1307 2656 1403 2731; x_wconf 83' lang='lat' dir='ltr'>satis:</span> <span class='ocrx_word' id='word_1_172' title='bbox 1428 2656 1535 2731; x_wconf 82' lang='lat' dir='ltr'>sacras</span> <span class='ocrx_word' id='word_1_173' title='bbox 1553 2660 1725 2733; x_wconf 86' lang='lat' dir='ltr'>ilicoom·</span> 
     </span>
     <span class='ocr_line' id='line_1_23' title="bbox 526 2752 1726 2851; baseline -0.005 -18"><span class='ocrx_word' id='word_1_174' title='bbox 526 2780 587 2833; x_wconf 86' lang='lat' dir='ltr'>nea</span> <span class='ocrx_word' id='word_1_175' title='bbox 624 2757 717 2830; x_wconf 86' lang='lat' dir='ltr'>aedes</span> <span class='ocrx_word' id='word_1_176' title='bbox 750 2756 925 2830; x_wconf 89' lang='lat' dir='ltr'>violarunt</span> <span class='ocrx_word' id='word_1_177' title='bbox 946 2752 1269 2851; x_wconf 71' lang='lat' dir='ltr'>spoliaveruntque:</span> <span class='ocrx_word' id='word_1_178' title='bbox 1294 2752 1529 2834; x_wconf 85' lang='lat' dir='ltr'>suburbanum</span> <span class='ocrx_word' id='word_1_179' title='bbox 1549 2756 1726 2850; x_wconf 84' lang='lat' dir='ltr'>templum</span> 
     </span>
     <span class='ocr_line' id='line_1_24' title="bbox 505 2850 1724 2949; baseline -0.002 -21"><span class='ocrx_word' id='word_1_180' title='bbox 505 2908 508 2919; x_wconf 76' lang='grc'><strong>.</strong></span> <span class='ocrx_word' id='word_1_181' title='bbox 529 2852 785 2929; x_wconf 73' lang='lat' dir='ltr'>vetustissimum</span> <span class='ocrx_word' id='word_1_182' title='bbox 809 2850 1059 2926; x_wconf 88' lang='lat' dir='ltr'>incenderunt:</span> <span class='ocrx_word' id='word_1_183' title='bbox 1083 2870 1261 2949; x_wconf 88' lang='lat' dir='ltr'>quotquot</span> <span class='ocrx_word' id='word_1_184' title='bbox 1282 2852 1419 2924; x_wconf 89' lang='lat' dir='ltr'>nollent</span> <span class='ocrx_word' id='word_1_185' title='bbox 1439 2854 1474 2923; x_wconf 92' lang='lat' dir='ltr'>in</span> <span class='ocrx_word' id='word_1_186' title='bbox 1492 2871 1614 2925; x_wconf 90' lang='lat' dir='ltr'>eorum</span> <span class='ocrx_word' id='word_1_187' title='bbox 1638 2874 1724 2948; x_wconf 83' lang='lat' dir='ltr'>con·</span> 
     </span>
     <span class='ocr_line' id='line_1_25' title="bbox 527 2943 1723 3047; baseline -0.003 -21"><span class='ocrx_word' id='word_1_188' title='bbox 527 2952 653 3027; x_wconf 84' lang='lat' dir='ltr'>cedere</span> <span class='ocrx_word' id='word_1_189' title='bbox 675 2944 820 3034; x_wconf 73' lang='lat' dir='ltr'>sestam,</span> <span class='ocrx_word' id='word_1_190' title='bbox 844 2948 931 3023; x_wconf 88' lang='lat' dir='ltr'>urbe</span> <span class='ocrx_word' id='word_1_191' title='bbox 953 2965 1163 3044; x_wconf 76' lang='lat' dir='ltr'>exegerunt..</span> <span class='ocrx_word' id='word_1_192' title='bbox 1179 3038 1185 3047; x_wconf 20' lang='grc' dir='ltr'><em>ι</em></span> <span class='ocrx_word' id='word_1_193' title='bbox 1203 2943 1290 3037; x_wconf 77' lang='lat' dir='ltr'>Quo</span> <span class='ocrx_word' id='word_1_194' title='bbox 1317 2949 1451 3021; x_wconf 89' lang='lat' dir='ltr'>nullum</span> <span class='ocrx_word' id='word_1_195' title='bbox 1474 2944 1638 3043; x_wconf 71' lang='lat' dir='ltr'>profecto</span> <span class='ocrx_word' id='word_1_196' title='bbox 1656 2970 1723 3044; x_wconf 86' lang='lat' dir='ltr'>po·</span> 
     </span>
     <span class='ocr_line' id='line_1_26' title="bbox 528 3040 1726 3141; baseline -0.003 -20"><span class='ocrx_word' id='word_1_197' title='bbox 528 3048 600 3122; x_wconf 73' lang='lat' dir='ltr'>tuit</span> <span class='ocrx_word' id='word_1_198' title='bbox 629 3042 695 3119; x_wconf 81' lang='lat' dir='ltr'>effe</span> <span class='ocrx_word' id='word_1_199' title='bbox 722 3040 850 3118; x_wconf 85' lang='lat' dir='ltr'>tristius</span> <span class='ocrx_word' id='word_1_200' title='bbox 878 3041 1137 3137; x_wconf 71' lang='lat' dir='ltr'>spedaculum:</span> <span class='ocrx_word' id='word_1_201' title='bbox 1173 3067 1291 3141; x_wconf 88' lang='lat' dir='ltr'>neque</span> <span class='ocrx_word' id='word_1_202' title='bbox 1322 3043 1415 3117; x_wconf 87' lang='lat' dir='ltr'>enim</span> <span class='ocrx_word' id='word_1_203' title='bbox 1453 3047 1514 3119; x_wconf 84' lang='lat' dir='ltr'>vel</span> <span class='ocrx_word' id='word_1_204' title='bbox 1542 3046 1639 3118; x_wconf 80' lang='lat' dir='ltr'>aetati</span> <span class='ocrx_word' id='word_1_205' title='bbox 1662 3046 1726 3118; x_wconf 82' lang='lat' dir='ltr'>vel</span> 
     </span>
     <span class='ocr_line' id='line_1_27' title="bbox 528 3136 1722 3237; baseline -0.003 -20"><span class='ocrx_word' id='word_1_206' title='bbox 528 3142 626 3217; x_wconf 79' lang='lat' dir='ltr'>serui</span> <span class='ocrx_word' id='word_1_207' title='bbox 642 3143 705 3215; x_wconf 84' lang='lat' dir='ltr'>vel</span> <span class='ocrx_word' id='word_1_208' title='bbox 720 3141 834 3213; x_wconf 89' lang='lat' dir='ltr'>ordini</span> <span class='ocrx_word' id='word_1_209' title='bbox 857 3140 923 3215; x_wconf 90' lang='lat' dir='ltr'>ulli</span> <span class='ocrx_word' id='word_1_210' title='bbox 945 3160 1196 3235; x_wconf 79' lang='lat' dir='ltr'>pepercerunt,</span> <span class='ocrx_word' id='word_1_211' title='bbox 1222 3137 1414 3237; x_wconf 69' lang='lat' dir='ltr'>miserdque</span> <span class='ocrx_word' id='word_1_212' title='bbox 1429 3138 1474 3213; x_wconf 90' lang='lat' dir='ltr'>ab</span> <span class='ocrx_word' id='word_1_213' title='bbox 1490 3140 1581 3216; x_wconf 83' lang='lat' dir='ltr'>focis</span> <span class='ocrx_word' id='word_1_214' title='bbox 1604 3140 1643 3216; x_wconf 91' lang='lat'>&amp;</span> <span class='ocrx_word' id='word_1_215' title='bbox 1654 3136 1722 3214; x_wconf 81' lang='lat' dir='ltr'>La·</span> 
     </span>
     <span class='ocr_line' id='line_1_28' title="bbox 530 3235 1727 3334; baseline -0.002 -20"><span class='ocrx_word' id='word_1_216' title='bbox 530 3239 628 3315; x_wconf 86' lang='lat' dir='ltr'>ribus</span> <span class='ocrx_word' id='word_1_217' title='bbox 657 3254 835 3332; x_wconf 88' lang='lat' dir='ltr'>quotquot</span> <span class='ocrx_word' id='word_1_218' title='bbox 862 3235 1073 3333; x_wconf 86' lang='lat' dir='ltr'>rebaptizari</span> <span class='ocrx_word' id='word_1_219' title='bbox 1099 3240 1236 3312; x_wconf 86' lang='lat' dir='ltr'>nollent</span> <span class='ocrx_word' id='word_1_220' title='bbox 1260 3238 1480 3333; x_wconf 72' lang='lat' dir='ltr'>expulerunt,</span> <span class='ocrx_word' id='word_1_221' title='bbox 1528 3237 1613 3328; x_wconf 82' lang='lat' dir='ltr'>Qua</span> <span class='ocrx_word' id='word_1_222' title='bbox 1648 3240 1727 3334; x_wconf 92' lang='lat' dir='ltr'>qui·</span> 
     </span>
    </p>
   </div>
   <div class='ocr_carea' id='block_1_3' title="bbox 396 3330 1725 3431">
    <p class='ocr_par' dir='ltr' id='par_1_3' title="bbox 396 3330 1725 3431">
     <span class='ocr_line' id='line_1_29' title="bbox 396 3330 1725 3431; baseline -0.002 -21"><span class='ocrx_word' id='word_1_223' title='bbox 396 3374 400 3383; x_wconf 62' lang='grc'><strong>«</strong></span> <span class='ocrx_word' id='word_1_224' title='bbox 533 3336 613 3410; x_wconf 82' lang='lat' dir='ltr'>dem</span> <span class='ocrx_word' id='word_1_225' title='bbox 634 3334 839 3429; x_wconf 83' lang='lat' dir='ltr'>indignitate</span> <span class='ocrx_word' id='word_1_226' title='bbox 859 3334 909 3407; x_wconf 91' lang='lat' dir='ltr'>rei</span> <span class='ocrx_word' id='word_1_227' title='bbox 920 3384 933 3421; x_wconf 90' lang='lat'>,</span> <span class='ocrx_word' id='word_1_228' title='bbox 957 3331 1039 3410; x_wconf 80' lang='lat' dir='ltr'>Nos</span> <span class='ocrx_word' id='word_1_229' title='bbox 1063 3332 1144 3431; x_wconf 92' lang='lat' dir='ltr'>(uti</span> <span class='ocrx_word' id='word_1_230' title='bbox 1157 3356 1223 3431; x_wconf 90' lang='lat' dir='ltr'>par</span> <span class='ocrx_word' id='word_1_231' title='bbox 1240 3330 1340 3429; x_wconf 87' lang='lat' dir='ltr'>erat)</span> <span class='ocrx_word' id='word_1_232' title='bbox 1362 3336 1518 3428; x_wconf 81' lang='lat' dir='ltr'>graviter</span> <span class='ocrx_word' id='word_1_233' title='bbox 1535 3337 1725 3420; x_wconf 86' lang='lat' dir='ltr'>commoti,</span> 
     </span>
    </p>
   </div>
   <div class='ocr_carea' id='block_1_4' title="bbox 531 3426 1729 3525">
    <p class='ocr_par' dir='ltr' id='par_1_4' title="bbox 531 3426 1729 3525">
     <span class='ocr_line' id='line_1_30' title="bbox 531 3426 1729 3525; baseline -0.002 -18"><span class='ocrx_word' id='word_1_234' title='bbox 531 3430 613 3507; x_wconf 78' lang='lat' dir='ltr'>etim</span> <span class='ocrx_word' id='word_1_235' title='bbox 636 3432 735 3507; x_wconf 83' lang='lat' dir='ltr'>certo</span> <span class='ocrx_word' id='word_1_236' title='bbox 758 3432 1046 3525; x_wconf 85' lang='lat' dir='ltr'>provideremus,</span> <span class='ocrx_word' id='word_1_237' title='bbox 1070 3433 1167 3505; x_wconf 90' lang='lat' dir='ltr'>hunc</span> <span class='ocrx_word' id='word_1_238' title='bbox 1189 3454 1311 3506; x_wconf 91' lang='lat' dir='ltr'>eorum</span> <span class='ocrx_word' id='word_1_239' title='bbox 1333 3426 1489 3504; x_wconf 86' lang='lat' dir='ltr'>furorem</span> <span class='ocrx_word' id='word_1_240' title='bbox 1512 3454 1585 3504; x_wconf 92' lang='lat' dir='ltr'>non</span> <span class='ocrx_word' id='word_1_241' title='bbox 1600 3431 1729 3505; x_wconf 88' lang='lat' dir='ltr'>consti·</span> 
     </span>
    </p>
   </div>
   <div class='ocr_carea' id='block_1_5' title="bbox 504 3526 1855 3624">
    <p class='ocr_par' dir='ltr' id='par_1_5' title="bbox 504 3526 1855 3624">
     <span class='ocr_line' id='line_1_31' title="bbox 504 3526 1855 3624; baseline -0.002 -21"><span class='ocrx_word' id='word_1_242' title='bbox 504 3551 648 3611; x_wconf 73' lang='lat' dir='ltr'>,turum</span> <span class='ocrx_word' id='word_1_243' title='bbox 672 3529 762 3601; x_wconf 89' lang='lat' dir='ltr'>intra</span> <span class='ocrx_word' id='word_1_244' title='bbox 787 3528 889 3600; x_wconf 85' lang='lat' dir='ltr'>unius</span> <span class='ocrx_word' id='word_1_245' title='bbox 919 3526 1011 3601; x_wconf 82' lang='lat' dir='ltr'>illius</span> <span class='ocrx_word' id='word_1_246' title='bbox 1029 3528 1184 3601; x_wconf 85' lang='lat' dir='ltr'>civitatis</span> <span class='ocrx_word' id='word_1_247' title='bbox 1206 3528 1350 3616; x_wconf 76' lang='lat' dir='ltr'>munia,</span> <span class='ocrx_word' id='word_1_248' title='bbox 1374 3526 1526 3624; x_wconf 80' lang='lat' dir='ltr'>cumque</span> <span class='ocrx_word' id='word_1_249' title='bbox 1547 3530 1583 3601; x_wconf 92' lang='lat' dir='ltr'>in</span> <span class='ocrx_word' id='word_1_250' title='bbox 1600 3530 1729 3604; x_wconf 82' lang='lat' dir='ltr'>vicinis</span> <span class='ocrx_word' id='word_1_251' title='bbox 1851 3582 1855 3585; x_wconf 81' lang='lat'><em>-</em></span> 
     </span>
    </p>
   </div>
   <div class='ocr_carea' id='block_1_6' title="bbox 532 3620 1732 3829">
    <p class='ocr_par' dir='ltr' id='par_1_6' title="bbox 532 3620 1732 3829">
     <span class='ocr_line' id='line_1_32' title="bbox 532 3620 1731 3724; baseline -0.003 -21"><span class='ocrx_word' id='word_1_252' title='bbox 532 3624 677 3722; x_wconf 88' lang='lat' dir='ltr'>oppidis</span> <span class='ocrx_word' id='word_1_253' title='bbox 696 3620 861 3711; x_wconf 75' lang='lat' dir='ltr'>sevicie,</span> <span class='ocrx_word' id='word_1_254' title='bbox 895 3636 1005 3724; x_wconf 89' lang='lat' dir='ltr'>atque</span> <span class='ocrx_word' id='word_1_255' title='bbox 1028 3624 1133 3697; x_wconf 87' lang='lat' dir='ltr'>etiam</span> <span class='ocrx_word' id='word_1_256' title='bbox 1159 3622 1385 3720; x_wconf 83' lang='lat' dir='ltr'>regionibus,</span> <span class='ocrx_word' id='word_1_257' title='bbox 1407 3623 1569 3697; x_wconf 77' lang='lat' dir='ltr'>scintilla</span> <span class='ocrx_word' id='word_1_258' title='bbox 1592 3646 1731 3723; x_wconf 83' lang='lat' dir='ltr'>magnae</span> 
     </span>
     <span class='ocr_line' id='line_1_33' title="bbox 532 3718 1732 3829; baseline -0.002 -32"><span class='ocrx_word' id='word_1_259' title='bbox 532 3720 685 3819; x_wconf 81' lang='lat' dir='ltr'>ejusdem</span> <span class='ocrx_word' id='word_1_260' title='bbox 701 3720 853 3829; x_wconf 82' lang='lat' dir='ltr'>incendii</span> <span class='ocrx_word' id='word_1_261' title='bbox 865 3719 935 3815; x_wconf 83' lang='lat' dir='ltr'>jam</span> <span class='ocrx_word' id='word_1_262' title='bbox 955 3718 1163 3809; x_wconf 80' lang='lat' dir='ltr'>volitarent,</span> <span class='ocrx_word' id='word_1_263' title='bbox 1187 3719 1262 3817; x_wconf 78' lang='lat' dir='ltr'>qua</span> <span class='ocrx_word' id='word_1_264' title='bbox 1274 3720 1455 3816; x_wconf 87' lang='lat' dir='ltr'>potuimus</span> <span class='ocrx_word' id='word_1_265' title='bbox 1474 3722 1650 3795; x_wconf 89' lang='lat' dir='ltr'>celeritate</span> <span class='ocrx_word' id='word_1_266' title='bbox 1665 3725 1732 3795; x_wconf 90' lang='lat' dir='ltr'>mi·</span> 
     </span>
    </p>
   </div>
   <div class='ocr_carea' id='block_1_7' title="bbox 530 3812 1837 3895">
    <p class='ocr_par' dir='ltr' id='par_1_7' title="bbox 530 3812 1837 3895">
     <span class='ocr_line' id='line_1_34' title="bbox 530 3812 1837 3895; baseline 0.001 -2"><span class='ocrx_word' id='word_1_267' title='bbox 530 3820 632 3895; x_wconf 87' lang='lat' dir='ltr'>litem</span> <span class='ocrx_word' id='word_1_268' title='bbox 653 3832 909 3891; x_wconf 76' lang='lat' dir='ltr'>contraximus:</span> <span class='ocrx_word' id='word_1_269' title='bbox 937 3812 1075 3889; x_wconf 88' lang='lat' dir='ltr'>Urbem</span> <span class='ocrx_word' id='word_1_270' title='bbox 1101 3818 1244 3893; x_wconf 89' lang='lat' dir='ltr'>circiter</span> <span class='ocrx_word' id='word_1_271' title='bbox 1273 3816 1449 3891; x_wconf 86' lang='lat' dir='ltr'>Calendas</span> <span class='ocrx_word' id='word_1_272' title='bbox 1467 3816 1615 3892; x_wconf 80' lang='lat' dir='ltr'>Martias</span> <span class='ocrx_word' id='word_1_273' title='bbox 1628 3842 1731 3895; x_wconf 87' lang='lat' dir='ltr'>anno</span> <span class='ocrx_word' id='word_1_274' title='bbox 1833 3839 1837 3848; x_wconf 83' lang='lat'>&#39;</span> 
     </span>
    </p>
   </div>
   <div class='ocr_carea' id='block_1_8' title="bbox 532 3905 1824 4575">
    <p class='ocr_par' dir='ltr' id='par_1_8' title="bbox 532 3905 1824 4513">
     <span class='ocr_line' id='line_1_35' title="bbox 535 3905 1729 4084; baseline 0.002 -96"><span class='ocrx_word' id='word_1_275' title='bbox 535 3934 639 4008; x_wconf 85' lang='lat'>1534.</span> <span class='ocrx_word' id='word_1_276' title='bbox 666 3910 826 3987; x_wconf 74' lang='lat' dir='ltr'>obfuere</span> <span class='ocrx_word' id='word_1_277' title='bbox 847 3912 1049 4008; x_wconf 76' lang='lat' dir='ltr'>caepimus:</span> <span class='ocrx_word' id='word_1_278' title='bbox 1083 3916 1129 3988; x_wconf 81' lang='lat' dir='ltr'>¹ac</span> <span class='ocrx_word' id='word_1_279' title='bbox 1152 3916 1241 3987; x_wconf 89' lang='lat' dir='ltr'>nihii</span> <span class='ocrx_word' id='word_1_280' title='bbox 1265 3905 1440 3989; x_wconf 85' lang='lat' dir='ltr'>ornisrmus</span> <span class='ocrx_word' id='word_1_281' title='bbox 1455 3966 1468 4001; x_wconf 92' lang='lat'>,</span> <span class='ocrx_word' id='word_1_282' title='bbox 1481 4003 1486 4015; x_wconf 24' lang='lat'>⁸</span> <span class='ocrx_word' id='word_1_283' title='bbox 1500 3936 1572 4084; x_wconf 65' lang='lat' dir='ltr'>quo</span> <span class='ocrx_word' id='word_1_284' title='bbox 1593 3934 1729 3990; x_wconf 86' lang='lat' dir='ltr'>tantum</span> 
     </span>
     <span class='ocr_line' id='line_1_36' title="bbox 532 4008 1734 4109; baseline 0.002 -27"><span class='ocrx_word' id='word_1_285' title='bbox 532 4012 728 4109; x_wconf 87' lang='lat' dir='ltr'>periculum</span> <span class='ocrx_word' id='word_1_286' title='bbox 760 4024 962 4105; x_wconf 81' lang='lat' dir='ltr'>tantamque</span> <span class='ocrx_word' id='word_1_287' title='bbox 984 4009 1180 4085; x_wconf 80' lang='lat' dir='ltr'>vastitatem</span> <span class='ocrx_word' id='word_1_288' title='bbox 1205 4010 1250 4084; x_wconf 80' lang='lat' dir='ltr'>ab</span> <span class='ocrx_word' id='word_1_289' title='bbox 1270 4008 1429 4085; x_wconf 86' lang='lat' dir='ltr'>Ecclesia</span> <span class='ocrx_word' id='word_1_290' title='bbox 1453 4035 1502 4084; x_wconf 92' lang='lat' dir='ltr'>no</span> <span class='ocrx_word' id='word_1_291' title='bbox 1530 4034 1571 4083; x_wconf 88' lang='lat' dir='ltr'>ra</span> <span class='ocrx_word' id='word_1_292' title='bbox 1595 4034 1734 4085; x_wconf 88' lang='lat' dir='ltr'>averte·</span> 
     </span>
     <span class='ocr_line' id='line_1_37' title="bbox 532 4103 1735 4205; baseline 0.002 -23"><span class='ocrx_word' id='word_1_293' title='bbox 532 4128 659 4182; x_wconf 84' lang='lat' dir='ltr'>remus.</span> <span class='ocrx_word' id='word_1_294' title='bbox 711 4104 799 4196; x_wconf 85' lang='lat' dir='ltr'>Quo</span> <span class='ocrx_word' id='word_1_295' title='bbox 823 4106 910 4179; x_wconf 88' lang='lat' dir='ltr'>illud</span> <span class='ocrx_word' id='word_1_296' title='bbox 932 4104 1073 4202; x_wconf 87' lang='lat' dir='ltr'>quidem</span> <span class='ocrx_word' id='word_1_297' title='bbox 1100 4103 1299 4193; x_wconf 85' lang='lat' dir='ltr'>effecimus,</span> <span class='ocrx_word' id='word_1_298' title='bbox 1323 4128 1366 4180; x_wconf 91' lang='lat' dir='ltr'>ut</span> <span class='ocrx_word' id='word_1_299' title='bbox 1382 4107 1735 4205; x_wconf 76' lang='lat' dir='ltr'>impiisimum-scele-</span> 
     </span>
     <span class='ocr_line' id='line_1_38' title="bbox 534 4199 1734 4301; baseline 0.003 -24"><span class='ocrx_word' id='word_1_300' title='bbox 534 4199 937 4297; x_wconf 73' lang='lat' dir='ltr'>ratifl&#39;rmamquelestam</span> <span class='ocrx_word' id='word_1_301' title='bbox 953 4204 1092 4297; x_wconf 83' lang='lat' dir='ltr'>longius</span> <span class='ocrx_word' id='word_1_302' title='bbox 1107 4202 1277 4301; x_wconf 85' lang='lat' dir='ltr'>latiusque</span> <span class='ocrx_word' id='word_1_303' title='bbox 1294 4201 1435 4299; x_wconf 81' lang='lat' dir='ltr'>grassari</span> <span class='ocrx_word' id='word_1_304' title='bbox 1450 4202 1734 4300; x_wconf 84' lang='lat' dir='ltr'>prohiberemus.</span> 
     </span>
     <span class='ocr_line' id='line_1_39' title="bbox 536 4298 1824 4399; baseline 0.002 -26"><span class='ocrx_word' id='word_1_305' title='bbox 536 4298 673 4397; x_wconf 83' lang='lat' dir='ltr'>Capere</span> <span class='ocrx_word' id='word_1_306' title='bbox 695 4301 783 4374; x_wconf 84' lang='lat' dir='ltr'>verb</span> <span class='ocrx_word' id='word_1_307' title='bbox 807 4301 866 4399; x_wconf 85' lang='lat' dir='ltr'>vel</span> <span class='ocrx_word' id='word_1_308' title='bbox 889 4299 1260 4393; x_wconf 62' lang='lat' dir='ltr'>expugnaremus,</span> <span class='ocrx_word' id='word_1_309' title='bbox 1284 4300 1365 4377; x_wconf 79' lang='lat' dir='ltr'>cum</span> <span class='ocrx_word' id='word_1_310' title='bbox 1386 4302 1577 4398; x_wconf 84' lang='lat' dir='ltr'>aliquoties</span> <span class='ocrx_word' id='word_1_311' title='bbox 1596 4305 1734 4399; x_wconf 84' lang='lat' dir='ltr'>magnis</span> <span class='ocrx_word' id='word_1_312' title='bbox 1816 4338 1824 4349; x_wconf 70' lang='lat'>=</span> 
     </span>
     <span class='ocr_line' id='line_1_40' title="bbox 533 4392 1732 4513; baseline -0.002 -39"><span class='ocrx_word' id='word_1_313' title='bbox 533 4394 669 4475; x_wconf 77' lang='lat' dir='ltr'>viribus</span> <span class='ocrx_word' id='word_1_314' title='bbox 688 4392 857 4494; x_wconf 76' lang='lat' dir='ltr'>justoque</span> <span class='ocrx_word' id='word_1_315' title='bbox 875 4396 999 4493; x_wconf 81' lang='lat' dir='ltr'>praelio</span> <span class='ocrx_word' id='word_1_316' title='bbox 1012 4396 1270 4487; x_wconf 74' lang='lat' dir='ltr'>,tenunenus‚</span> <span class='ocrx_word' id='word_1_317' title='bbox 1301 4417 1452 4495; x_wconf 88' lang='lat' dir='ltr'>propter</span> <span class='ocrx_word' id='word_1_318' title='bbox 1484 4396 1594 4497; x_wconf 79' lang='lat' dir='ltr'>ipsius</span> <span class='ocrx_word' id='word_1_319' title='bbox 1616 4416 1732 4513; x_wconf 75' lang='lat' dir='ltr'>tamen</span> 
     </span>
    </p>

    <p class='ocr_par' dir='ltr' id='par_1_9' title="bbox 1405 4518 1735 4575">
     <span class='ocr_line' id='line_1_41' title="bbox 1405 4518 1735 4575; baseline -0.009 0"><span class='ocrx_word' id='word_1_320' title='bbox 1405 4530 1409 4538; x_wconf 90' lang='lat'>&#39;</span> <span class='ocrx_word' id='word_1_321' title='bbox 1619 4518 1735 4575; x_wconf 61' lang='lat' dir='ltr'>We·</span> 
     </span>
    </p>
   </div>
   <div class='ocr_carea' id='block_1_9' title="bbox 0 0 2012 5167">
    <p class='ocr_par' dir='ltr' id='par_1_10' title="bbox 0 0 2012 5167">
     <span class='ocr_line' id='line_1_42' title="bbox 0 0 2012 5167; baseline 0 0"><span class='ocrx_word' id='word_1_322' title='bbox 0 0 2012 5167; x_wconf 95' lang='lat' dir='ltr'> </span> 
     </span>
    </p>
   </div>
  </div>
 </body>
</html>
