3967 5167
302 508 493 605 arist.
530 504 836 605 sennenn
865 530 933 609 rr
960 506 1294 625 uttrnnsos.
1354 532 1433 637 187

246 681 378 781 pridem
396 676 579 775 cupiebam
597 677 733 775 spiram
750 682 996 845 confflem,
1020 675 1079 753 sed
1098 703 1191 775 aegre
1211 678 1428 780 al'rlncipe,

245 776 300 849 cui
317 771 480 848 hadienur
500 770 625 861 servii,
647 774 807 873 veniam,
869 777 875 789 '
914 795 1084 869 onemque
1104 777 1287 871 impetrare
1304 784 1428 878 potui,

177 912 186 917 -
239 892 339 967 quam
355 888 395 941 ea
413 871 553 941 tandem
575 868 636 940 ille
711 890 730 939 e
748 866 930 955 concefftt,
955 886 996 939 ut
1009 870 1141 941 caeteris
1159 873 1311 965 ejusdem
1335 877 1426 969 lega-

237 964 333 1039 dein
351 960 443 1035 hisce
463 960 626 1034 Comitlis
647 865 848 1127 §clinnum
865 958 1034 1070 adell'em,
1058 984 1162 1058 arque
1185 964 1266 1035 inde
1285 966 1424 1061 Spiram

236 1080 287 1133 me
301 1056 508 1133 conferrem
560 1054 646 1149 Quo
698 1049 860 1151 equidem
878 1054 1036 1221 Principt
1059 1054 1197 1152 optime
1224 1058 1267 1129 de
1282 1084 1337 1134 me
1353 1086 1422 1140 me·

234 1152 301 1227 rito
320 1172 446 1247 negare
460 1173 532 1230 non
550 1152 663 1245 potui.
710 1153 820 1247 Cujus
835 1151 973 1223 tandem
1003 1172 1130 1225 ortuna
1146 1154 1261 1223 multis
1276 1158 1337 1227 diu
1353 1157 1423 1253 agi·

233 1264 304 1339 tata
322 1244 512 1343 procellis,
534 1262 640 1339 capto
656 1242 774 1345 Rege,
798 1265 1070 1344 recuperataque
1091 1246 1176 1335 urbe
1193 1246 1423 1341 Monasterio,

219 1340 267 1423 ,in
289 1338 563 1437 tranquilliorem
582 1334 717 1411 redliile
734 1358 874 1431 portum
887 1340 1035 1413 videtur.
1072 1338 1187 1441 'Quid
1202 1340 1294 1414 hisce
1311 1365 1422 1416 autem

118 1490 119 1525 ,
230 1432 392 1509 comitiis
426 1452 548 1527 agatur
576 1432 723 1513 seribere
751 1452 821 1505 non
843 1430 1007 1527 polium,
1040 1436 1180 1540 quando
1204 1459 1244 1507 ea
1267 1430 1422 1529 nondum

116 1614 118 1621 ¹
230 1534 348 1625 coept'a
362 1528 461 1613 sunt,
486 1530 524 1603 dt
548 1525 627 1608 edm
645 1526 748 1619 pauci
775 1524 959 1613 admodum
981 1528 1050 1600 nuc
1070 1530 1274 1616 adveniant,
1298 1524 1420 1604 veren-

230 1622 313 1695 dum
333 1624 401 1705 est,
426 1644 470 1696 ne
484 1620 573 1693 nihil
596 1640 735 1715 agatur,
758 1622 794 1692 id
819 1624 915 1716 quod
928 1624 965 1695 in
981 1612 1207 1697 conveinbus
1230 1624 1420 1719 Imperiali·

227 1714 296 1805 bus
316 1714 380 1792 scit
404 1736 476 1789 non
499 1712 565 1790 else
589 1734 747 1793 novum,
781 1712 880 1789 Deus
899 1712 989 1812 Opt.
1009 1716 1106 1790 Max.
1119 1720 1174 1790 vir
1194 1720 1364 1792 elariffrme
1380 1722 1418 1795 dt

228 1812 274 1902 de
294 1832 350 1885 me
367 1810 499 1907 optime
516 1808 878 1895 merite,incolumem
893 1829 929 1883 te
947 1828 1093 1900 tueatur.
1117 1810 1251 1888 Datum
1271 1814 1417 1888 Vorma-
1569 1876 1575 1883 .

228 1904 289 1981 tiae
314 1902 372 1990 16.
402 1904 490 1999 Julii
513 1924 605 1983 anno
630 1922 733 1995 1535.

416 2038 922 2189 nr'tsrotn
977 2082 1227 2198 txvt.
1448 2123 1564 2189 nr,

1448 2224 1497 2265 mu
1511 2205 1554 2267 ll.

285 2310 735 2407 utonnnrro
801 2312 1361 2408 GREBOUALLIO.
1446 2284 1589 2353 Μ’·

225 2528 484 2657 Conteflasur
509 2534 547 2615 ei
574 2534 789 2617 amicitiam
807 2527 957 2643 suam,
986 2526 1044 2621 d?
1058 2529 1203 2641 suadet
1229 2551 1276 2617 ut
1301 2535 1419 2623 dode
1463 2490 1584 2662 1535·—

264 2642 393 2733 ralem
420 2638 597 2725 lauream
612 2637 816 2765 suscipiat.
861 2638 1042 2741 Extollit
1061 2642 1280 2759 Collegium
1296 2644 1371 2761 As·

298 2752 507 2868 firfforium
539 2750 731 2867 Spirenfi.
791 2748 878 2865 Quo
894 2748 1049 2863 salario
1067 2752 1121 2851 ibi
1140 2760 1325 2871 gaudeat.

311 2971 385 3047 Um
409 2972 548 3053 tandem
565 2990 622 3041 me
636 2969 680 3045 ab
698 2966 814 3063 priore
836 2968 1037 3043 conditione
1050 2968 1292 3064 explicarem,
1317 2972 1414 3045 acin

282 3112 286 3119 ·
334 3066 372 3140 su
419 3066 545 3139 riorem
560 3063 784 3137 Germaniam
801 3064 867 3135 iter
884 3064 1108 3167 adornarem,
1130 3059 1223 3161 forte
1248 3088 1343 3139 tuam
1358 3088 1415 3138 ac·

229 3165 310 3258 ¹nepi
329 3161 521 3257 epistolant,
554 3159 690 3247 Florenti
713 3158 928 3239 ehariffinre‚
957 3178 1063 3251 atque
1090 3160 1312 3247 ornatissirne,
1344 3182 1414 3252 qua

221 3276 340 3337 ¹antam
353 3258 434 3329 vita
459 3274 530 3329 tuae
548 3250 806 3347 studiorumque
825 3253 993 3326 rationem
1017 3252 1184 3345 perquim
1209 3250 1333 3324 diserte
1354 3276 1415 3325 ex·

222 3353 343 3449 ponit.
391 3350 450 3424 De
462 3348 590 3442 quibus
605 3370 673 3442 ego
688 3368 789 3434 antea
805 3344 959 3419 solicitus
973 3340 1128 3439 fueram,
1152 3346 1283 3435 veritur
1294 3368 1337 3417 ne
1350 3368 1414 3419 no·

229 3448 298 3519 stra
319 3447 377 3517 illa
398 3462 518 3515 mutua
543 3440 756 3533 familiaritas
771 3436 862 3513 forte
883 3434 958 3533 ipso
980 3459 1138 3531 tempore
1152 3438 1411 3534 refrigesceret,
1494 3457 1497 3464 ’

230 3538 543 3617 fivinculutnillud
559 3536 791 3611 communium
809 3532 1002 3605 studiorum
1012 3530 1263 3610 diffolveretur.
1288 3533 1412 3623 Quum

227 3634 318 3709 verd
339 3632 527 3722 intelligam
543 3652 612 3703 non
629 3631 736 3703 modd
754 3648 790 3701 te
811 3626 905 3723 quast
929 3647 1136 3723 perpetuum
1155 3629 1329 3723 quoddam
1349 3650 1413 3701 no·
1556 3691 1558 3698 .

227 3750 308 3803 men
329 3722 563 3816 Philosophia
586 3723 625 3795 dr
641 3726 752 3809 ¹literis
771 3718 898 3797 dedisse
910 3746 931 3793 :.
943 3718 1002 3795 sed
1020 3716 1057 3792 δι
1080 3743 1174 3795 tanta
1197 3725 1247 3809 eis
1268 3722 1410 3815 diligen·

225 3828 275 3903 tia
297 3820 519 3901 incumbere,
534 3817 807 3910 ‚institutumque
841 3838 923 3901 tam,
937 3836 1097 3892 accurate
1118 3819 1269 3909 exequi:
1296 3838 1366 3886 non
1389 3817 1410 3856 *
1446 3858 1463 3896 a
1482 3856 1584 3933 Deest.-

216 3940 281 3995 rne
306 3914 466 3995 Hercle,
499 3911 548 3981 mi
569 3911 873 4003 Flormti,·gaudio
896 3910 1043 3993 afficior,
1068 3912 1106 3985 δι
1130 3908 1244 3981 nescio
1266 3912 1326 4007 qui
1348 3909 1409 3983 fiat
1444 3943 1552 3995 nemo.

217 4035 266 4089 ‚nr
278 4034 347 4106 ego
372 4004 578 4090 existimem,
604 4024 764 4097 magnum
786 4008 1035 4079 incrementum
1056 4003 1203 4096 nostram
1228 4006 1409 4079 amicitiam
1445 4016 1502 4081 ert,
1522 4016 1585 4069 ext·

215 4113 304 4183 eece
320 4102 411 4187 ilie,
434 4098 568 4175 ramerii
593 4098 923 4179 anteaamantiffime
940 4096 1073 4193 semper
1099 4101 1294 4178 vixerimus.
1342 4099 1406 4174 Est
1443 4102 1583 4220 ssu‘l’ff

219 4128 331 4277 eertg
339 4195 498 4293 qt'taedam
516 4196 679 4269 naturalia
702 4195 808 4273 ratio,
831 4210 870 4265 ut
893 4186 1018 4265 arilina
1041 4217 1102 4267 eos
1118 4198 1405 4291 complediamur,
1436 4164 1578 4313 ffissm

220 4316 310 4393 quos
332 4291 509 4387 perpetud
523 4289 625 4373 nobie
648 4289 776 4368 amicos
796 4284 873 4455 [ἕπε
896 4288 1080 4364 credimur.
1128 4288 1220 4365 Nam
1235 4312 1405 4395 tempora-

212 4440 219 4449 .
278 4433 295 4442 .⁴
845 4404 865 4453 a
890 4402 910 4455 a
1353 4401 1409 4453 rra
