3967 5167
533 478 617 575 394
644 448 879 563 V10L11
908 472 986 558 m·
1007 438 1272 559 AYTTA
1298 434 1670 563 ZUI‘CHEMJ
1754 372 1758 377 ⁵

532 628 755 715 bernaculum
781 621 853 719 (1)
878 621 1026 695 Domini
1049 618 1208 699 conferre
1229 620 1349 699 videar
1375 618 1539 709 voluisse,
1563 644 1633 716 pro
1658 644 1741 711 mo:

431 821 433 825 Ι
536 724 608 796 duli
633 724 702 796 mei
724 743 829 817 captu
860 742 932 792 rem
957 718 1033 795 imis
1063 719 1161 791 labiis
1188 714 1368 800 delibabo,
1394 716 1522 791 fiducia
1544 740 1603 804 ea,
1629 744 1743 819 quam

535 818 764 894 Excelleneia-
778 812 891 893 vestra
914 813 1001 887 mihi
1027 812 1186 895 indulsit',
1211 808 1330 887 fretus.
1380 812 1432 884 Sit
1455 814 1560 907 igitur
1587 816 1663 891 haec
1683 827 1742 891 re*

537 916 620 1010 gul‘a
643 914 825 1011 perbrevis
848 912 886 987 δι
912 910 1119 981 methodica.
1170 906 1256 981 Non
1281 904 1389 979 solim
1412 908 1640 1005 blasphemias
1661 936 1746 988 om-

538 1014 633 1084 nium
652 1007 977 1089 haeresiarcharum,
1004 1028 1152 1102 quornm
1177 1005 1469 1093 nomenclaturam
1493 1010 1745 1101 complebitur

540 1112 662 1203 regula
676 1102 828 1178 secunda
846 1100 997 1191 indicis,
1022 1102 1074 1176 Pii
1091 1104 1157 1177 IV.
1183 1099 1362 1174 pontificis
1382 1103 1523 1175 maximi
1537 1104 1747 1179 auiioritate

540 1200 713 1289 confesti,
737 1198 797 1273 sed
817 1201 922 1273 etiam
940 1198 1049 1273 libros
1069 1221 1209 1281 eorum,
1235 1200 1297 1291 qui
1322 1195 1403 1291 post
1417 1220 1545 1275 annum
1562 1200 1744 1277 decimum

540 1302 703 1397 quintum
720 1296 884 1370 restitutae
903 1293 1018 1368 salutis
1034 1293 1138 1461 sugra
1164 1290 1379 1369 millefimum
1404 1296 1746 1389 quingentesimum,

542 1416 640 1471 extra
657 1397 825 1468 unitatem
848 1388 1044 1464 Catholicae
1093 1392 1148 1463 dei
1170 1390 1203 1462 se
1235 1387 1500 1474 constituentes,
1532 1387 1749 1487 scripserunt
1900 1422 1902 1429 ’

546 1490 678 1566 diffona
702 1491 746 1561 ab
771 1484 972 1561 universalis
992 1482 1162 1583 ,Ecclefiae
1188 1485 1358 1575 decretis,
1383 1486 1476 1561 circa
1505 1490 1665 1563 materias
1682 1490 1749 1564 hic

545 1608 630 1661 mox
645 1585 917 1681 subsequentes,
941 1584 1081 1681 penitus
1103 1580 1335 1676 abjiciendos,
1359 1582 1586 1661 eliminandos
1603 1606 1646 1665 ac
1662 1585 1748 1661 abo-

544 1685 669 1757 lendos
686 1678 770 1755 ess'e:
795 1679 964 1754 videlicet'
981 1681 1043 1775 qni
1059 1674 1287 1777 scripserunt,

546 1780 607 1853 De
631 1781 783 1855 Peccato
806 1776 977 1869 originali.
1257 1780 1260 1787 '

547 1875 609 1949 De
626 1875 767 1949 Fide&
786 1868 1043 1965 justificatione.

545 1970 606 2054 De
631 1968 945 2042 Praedestinatione.

546 2068 608 2143 De
633 2066 747 2141 libero
785 2064 942 2137 arbitrio.

548 2160 607 2237 De
632 2163 852 2235 Sacramento
876 2156 1055 2253 Baptismi.

547 2256 609 2333 De
634 2258 856 2349 sacramento
884 2252 1167 2335 Confirmationie
1199 2250 1473 2351 baptizatorum.

551 2352 610 2429 De
634 2353 753 2429 Sacrae
786 2350 1012 2424 Eucharistiae
1036 2350 1283 2425 sacramento..
1451 2362 1456 2371 '

550 2450 611 2527 De
637 2444 978 2535 communione'sub
1001 2443 1150 2543 utraque
1173 2444 1297 2542 specie.

551 2546 612 2621 De
635 2544 813 2621 Sacrificio
831 2538 953 2617 Miffae.

550 2640 613 2739 De
637 2644 859 2724 Sacramenta
882 2656 1046 2713 extremae
1072 2632 1270 2715 Uniiionis.

555 2738 614 2811 De
638 2739 865 2821 Sacramento
883 2732 1112 2809 Poenitentiae.

552 2832 616 2907 De
640 2836 861 2909 Sacramento
885 2829 1043 2905 Ordinis.

553 2929 615 3004 De
639 2928 864 3004 Sacramento
894 2926 1123 3002 Matrimonii.

555 3025 617 3101 De
641 3024 860 3120 purgatorio.

557 3122 616 3196 De
640 3121 834 3215 Reliquiis,
861 3118 898 3192 &
916 3111 1139 3191 veneratione
1162 3112 1374 3191 Saniinrum

559 3218 619 3293 De
642 3216 754 3291 Sacris
782 3214 991 3309 imaginibus
1013 3209 1203 3293 abolendis.

540 3312 621 3387 ‘De
644 3310 750 3387 Votis
763 3308 970 3386 monasticis.

559 3408 620 3487 De
643 3408 883 3503 indulgentiis.

558 3503 619 3580 De
645 3504 887 3592 ceremoniis,
911 3498 949 3577 δι
973 3496 1096 3575 ritibus
1125 3490 1303 3575 Ecclesia.

560 3602 619 3677 De
644 3600 802 3697 Jejnniiu.

560 3697 620 3773 De
642 3697 813 3775 Cibotum
847 3690 998 3769 delecta

562 3793 621 3869 De
644 3794 729 3868 abro
754 3790 852 3865 andis
868 3789 990 3864 Festis.

563 3890 623 3964 De
649 3892 720 3988 Jnr‘
740 3884 891 3961 dictione
914 3887 1083 3958 laicorum
1112 3883 1149 3955 in
1183 3880 1353 3955 Cl'ericos.

615 3984 656 4060 ln
688 3985 785 4060 libris
819 4001 933 4058 autem
961 3980 1053 4068 illis,
1087 3983 1246 4079 quinon
1275 3998 1320 4053 ex
1356 3972 1510 4072 profess'o
1535 3976 1686 4147 tendsnnt
1712 3979 1760 4055 ad

1629 4097 1763 4174 copum

609 4226 674 4314 (1)
692 4228 747 4297 Ne
758 4228 837 4316 pilos
854 4227 973 4314 quidem
993 4222 1191 4311 caprinam
1206 4220 1518 4311 &ememmptum
1535 4220 1585 4295 est
1597 4240 1644 4297 ex
1654 4224 1764 4301 Exn&

569 4330 648 4399 cap.
667 4329 721 4395 25.
741 4330 777 4385 v.
796 4330 831 4399 4.
850 4329 888 4383 v.
908 4328 985 4397 cap.
1002 4328 1054 4397 35.
1074 4328 1109 4383 v.
1131 4324 1183 4395 25.
1206 4308 1243 4381 δι
1263 4312 1318 4380 26.
