3967 5167
271 564 274 568 Α
303 499 326 563 .·
354 515 561 638 Epffirfi
574 533 879 634 sennenn
904 559 972 631 m
1000 531 1445 659 orrannum-63

244 727 524 832 versua'quoqne
547 731 689 826 utrique
709 729 926 826 scopuasuic·
950 731 1154 828 Siquidem,
1175 755 1215 810 ιιι
1240 736 1288 811 est
1304 737 1341 808 in
1357 760 1442 833 pro.

248 833 395 919 verbi03
445 835 517 934 Qui
543 830 676 904 Cumadi
701 826 761 922 effe
784 851 844 901 aon
864 825 1013 921 marat,
1049 833 1222 904 Cithurcdt'
1237 830 1325 924 fiunt
1343 859 1357 906 :
1389 836 1440 908 ita

242 930 323 1005 cum
343 930 520 1039 politioris
533 923 824 1020 elegantiorisque‘
840 922 1009 1094 doiifiilp?
1034 925 1437 1099 ξὲῐιῖξὲιιήξΐξξιὲιάειιι,

240 1022 634 1212 blitildis
646 1044 959 1227 bissiiisssro
986 1073 1120 1213 agera
1145 1047 1437 1216 trutinandi}

237 1218 396 1292 bonitate
421 1215 557 1312 semper
583 1213 628 1286 ad
646 1215 794 1310 primam
822 1235 1138 1310 principumque,
1164 1235 1205 1287 ac
1227 1217 1333 1310 longe
1358 1221 1436 1314 pul·

238 1315 447 1390 cherrimam
472 1309 640 1384 debirinae
658 1333 811 1406 partem,
837 1312 880 1382 ad
899 1311 1108 1404 eloquentie
1118 1311 1265 1406 gloriam
1282 1313 1434 1386 animum

236 1412 449 1507 applicante.
480 1407 601 1504 Atque
616 1407 653 1478 in
672 1409 737 1478 hac
761 1408 985 1482 contentione
1002 1406 1223 1480 commodum
1240 1409 1276 1480 in
1299 1405 1433 1484 ltaliam

236 1505 420 1603 profeiius
439 1505 488 1578 eli
508 1558 518 1593 ‚
543 1503 605 1577 ubi
623 1498 891 1576 doctmmorum
918 1501 1097 1576 bominum
1127 1500 1375 1580 consuetudine
1395 1508 1434 1581 δι

235 1603 389 1679 amicitia
415 1599 557 1696 prolixe
583 1595 681 1680 usus,
706 1596 747 1671 dr
772 1598 1022 1673 benedicendi
1048 1599 1274 1695 imitandique
1297 1621 1432 1694 praece·

233 1703 307 1797 ptis
323 1697 500 1785 imbutus,
516 1685 758 1792 pulcherrimis
769 1691 891 1771 studiis
905 1695 975 1768 suis
988 1697 1226 1790 colophonem
1246 1696 1431 1790 imposuit,

236 1815 277 1870 ut
293 1817 389 1868 nunc
405 1815 477 1866 non
495 1811 627 1864 tantum
636 1789 780 1864 Senatus
798 1789 907 1864 nostri
918 1791 1013 1887 apud
1031 1791 1286 1879 Leovardiam,
1311 1791 1433 1868 veriam

236 1893 347 1964 totius
362 1887 481 1962 Frisiae
497 1891 638 1980 unicum
661 1884 700 1960 δι
719 1884 1108 1982 infigneomamentum
1136 1886 1322 1968 censeatur.
1372 1889 1433 1973 De

235 1992 334 2083 cujus
359 1988 500 2081 quidem
523 1982 755 2058 familiaritate
779 1983 843 2059 tibi
870 1987 1045 2078 gratulor,
1070 1983 1269 2064 scdtanttn
1301 2002 1343 2059 eo
1362 2009 1432 2060 ma·

234 2085 292 2180 gis
317 2083 370 2155 illi
384 2085 427 2153 de
444 2103 523 2165 tua,
549 2106 621 2175 quo
640 2079 798 2152 doctrina
814 2083 1038 2156 excellentior
1053 2080 1129 2174 ipse
1149 2080 1306 2168 haberis,
1331 2083 1368 2156 δι
1394 2085 1432 2157 in

237 2201 277 2250 ea
304 2177 485 2274 praecipue
508 2201 606 2264 arte,
631 2199 712 2270 quae
732 2177 893 2250 omnibus
915 2178 992 2248 aliis
1017 2177 1232 2254 divinior&
1256 2179 1432 2271 antiquior

234 2272 368 2370 semper
375 2276 528 2370 jddicata
539 2273 607 2355 est,
631 2291 838 2346 caeterorum
848 2274 960 2345 aetatia
973 2271 1152 2368 gentisque
1171 2273 1294 2346 nostrae
1310 2275 1430 2346 dusio-

233 2395 312 2446 rum
331 2372 511 2444 hominum
531 2368 719 2442 luminibus
738 2371 840 2441 altius
854 2367 1016 2442 obstruis.
1067 2369 1231 2442 Carmina
1254 2368 1351 2442 certe
1370 2391 1432 2442 tua

234 2465 456 2551 eriamltali,
479 2467 573 2537 acuti
598 2484 636 2538 ut
653 2463 719 2536 scis
743 2463 893 2555 judicii,
920 2487 986 2537 nec
1005 2463 1159 2557 vulgaria
1187 2467 1295 2557 palati
1321 2467 1433 2538 homi·

232 2585 323 2648 nes,
348 2563 384 2634 in
407 2559 535 2632 delitiis
560 2561 699 2632 habent.
751 2557 1011 2645 Quamobrem,
1036 2557 1223 2633 dotiiffime
1244 2560 1335 2646 Veli,
1358 2563 1431 2638 val·

236 2657 282 2728 de
298 2678 339 2729 tu
358 2654 498 2751 quidem
510 2651 659 2735 salierit,
684 2648 851 2822 staliqpid
869 2657 909 2729 in
923 2653 1022 2726 nobis
1039 2659 1106 2728 tale
1122 2653 1320 2750 ellepurts,
1347 2679 1431 2749 qua·

234 2754 267 2826 le
289 2753 326 2822 in
347 2772 576 2824 conterraoeo
592 2773 671 2823 meo
694 2772 770 2822 ama
801 2752 832 2834 i,
856 2752 914 2824 vel
937 2773 1010 2846 quo
1042 2750 1116 2845 ipse
1148 2753 1311 2837 excellis,
1336 2753 1429 2826 illius

232 2852 327 2948 enim
343 2848 572 2921 eruditionem
585 2843 735 2919 admiror
752 2869 857 2941 atque
871 2845 1041 2942 suspicio,
1067 2869 1160 2936 tuam
1177 2849 1280 2920 etiam
1306 2849 1428 2923 adoro.

234 2945 349 3018 Aliam
367 2965 454 3017 vero
468 2940 642 3036 ipseviam
656 2941 845 3036 ingressus,
870 2939 1092 3039 quaesiuol'am
1114 2941 1279 3020 videlicet
1297 2946 1427 3041 magis,

232 3060 273 3112 ut
284 3041 395 3132 vulgo
405 3041 559 3114 creditur
566 3089 579 3127 ,
596 3037 700 3134 quim
717 3036 921 3132 gloriosam,
933 3062 1005 3112 non
1021 3036 1125 3112 aufim
1141 3039 1227 3112 inihi
1243 3063 1286 3112 ex
1301 3040 1428 3116 studio·

232 3159 313 3209 tum
324 3133 652 3228 similitudine‚quae
663 3137 801 3227 ignotos
812 3137 1156 3230 conciliat,aliquam
1166 3135 1345 3209 vobiscum
1356 3137 1429 3230 spe·

231 3232 611 3309 rarebenevolentiam.
636 3229 753 3304 Miror
762 3231 1067 3326 verd,qu0modo
1081 3252 1118 3303 tu
1131 3255 1175 3303 ex
1187 3233 1430 3324 unicoepisio·

231 3329 301 3413 lio,
331 3329 408 3400 rudi
430 3329 570 3421 quidem
587 3330 624 3396 bt
647 3325 717 3400 stne
734 3351 819 3399 cura
838 3327 883 3398 de
902 3328 1007 3401 rebus
1022 3325 1247 3398 familiaribus
1270 3327 1312 3398 ad
1330 3323 1429 3400 sami-

234 3425 357 3497 liarem
376 3421 527 3517 scripto,
553 3445 623 3495 tarn
648 3421 820 3516 praeclare
846 3421 890 3494 de
917 3448 972 3498 me
999 3422 1229 3518 pronunties,
1253 3420 1315 3493 nist
1337 3421 1429 3498 forte

235 3519 390 3591 animum
407 3515 636 3610 tuumsponre
649 3521 692 3590 ad
712 3516 957 3590 humanitatem
983 3515 1194 3614 propensum
1221 3519 1432 3592 extimularit

233 3615 341 3686 eriam
361 3615 483 3706 Georgii
504 3613 679 3685 Hermanni
695 3635 778 3710 erga
797 3637 851 3686 me
866 3611 1019 3686 affettto.
1069 3614 1111 3686 ln
1128 3635 1200 3707 quo
1215 3615 1353 3709 utrique
1370 3639 1429 3688 ve-

233 3711 342 3784 strum
371 3709 492 3779 merito
519 3711 646 3800 gratias
670 3732 763 3803 ago,
795 3711 846 3780 illi
872 3714 935 3805 qui
963 3733 1019 3784 me
1048 3711 1112 3784 tibi
1135 3707 1339 3796 insinuarit,
1365 3711 1429 3800 ribi

233 3805 325 3880 uerd
347 3807 408 3900 qui
425 3825 480 3874 me
498 3804 547 3874 illi
565 3802 777 3888 laudaveris,
805 3806 861 3878 cui
876 3830 932 3878 me
950 3805 1093 3901 probari
1110 3829 1181 3877 non
1205 3808 1328 3878 leviter
1353 3829 1429 3880 mea

233 3901 392 3988 interest,
419 3921 498 3970 nam
515 3896 594 3971 cunr
608 3899 668 3969 ille
683 3923 769 3972 meae
785 3897 868 3972 fidei
887 3899 951 3973 filii
969 3901 1018 3974 sui
1031 3903 1139 3974 studia
1154 3901 1429 3988 concrediderit,

236 3999 281 4070 ad
296 3999 365 4070 tale
380 4017 505 4068 munuc
530 4017 586 4068 me
612 4015 684 4065 non
703 3996 846 4066 omnino
870 3996 1028 4088 ineptum
1056 3995 1195 4082 haberi,
1222 3997 1271 4068 illi
1301 3999 1427 4088 merito

236 4091 435 4186 persuasum
455 4093 573 4184 cupio.
623 4088 737 4184 Quod
761 4111 847 4162 vero
863 4091 906 4162 ad
928 4087 1237 4186 jurisprudentiam
1284 4093 1423 4176 ertinet,

237 4191 276 4262 in
292 4211 360 4282 qua
373 4186 600 4286 principalem
620 4183 758 4280 semper
773 4209 915 4282 operam
931 4209 1009 4260 cum
1029 4189 1092 4262 illo
1104 4185 1238 4281 insump
1253 4211 1264 4259 ι
1277 4240 1288 4276 ,
1301 4209 1429 4261 utcun-

237 4307 308 4379 que
323 4286 434 4358 adhuc
446 4303 591 4358 conatus
607 4279 768 4355 succesit.
816 4282 1012 4355 Literarum
1028 4305 1112 4356 vero
1125 4281 1292 4357 bonarum
1308 4286 1431 4358 doeio·

237 4401 314 4458 rem
338 4401 514 4477 nunquam
540 4374 615 4456 sum
633 4375 802 4478 professus
822 4429 835 4468 ,
861 4375 991 4478 siquid
1009 4399 1123 4462 tamen
1141 4377 1319 4458 succidere
1342 4399 1430 4486 teur-

344 4490 347 4496 ’
1116 4507 1117 4510 “
1333 4493 1434 4568 porta
