3967 5167
542 536 603 628 66
659 525 895 636 VIGLII
932 549 998 619 Aa
1025 520 1286 622 AYTTA
1318 517 1685 618 ZUICHEMI

492 798 496 809 ¹
545 711 754 812 potestatem
774 703 901 784 famam
919 702 1125 788 utillimam,
1145 719 1186 778 ut
1211 725 1321 799 nugas
1344 703 1474 800 aliquae
1496 703 1637 789 viciffim
1654 709 1750 803 apud

548 832 584 884 te
600 806 765 882 effutiam.
816 800 957 888 Quaerie
978 799 1069 873 euim
1097 801 1181 892 quid
1207 801 1295 872 milri
1327 821 1407 873 curn
1433 801 1641 874 Ciceronianis
1665 825 1750 878 con·

450 984 453 992 ,
549 898 689 991 veniat,
706 905 744 977 dt
764 899 855 997 quid.
869 896 910 969 stt
927 899 964 969 in
981 891 1228 969 controversia.
1282 893 1366 970 Hoc
1390 899 1481 988 enim
1504 893 1528 984 st
1550 899 1615 970 tibi
1637 903 1750 996 expli·

552 1025 632 1076 care
647 1001 782 1082 volam,
803 995 875 1092 jam
895 1013 1060 1089 oportet,
1085 1009 1125 1064 ut
1140 993 1194 1064 nie
1211 989 1459 1088 aliquantisper
1493 993 1589 1088 apud
1615 1017 1651 1070 te
1675 999 1749 1072 ine·

554 1100 646 1193 ptire
664 1094 817 1194 patiaris.
868 1088 918 1163 Et
933 1091 1076 1183 quidem
1092 1087 1189 1182 quod
1204 1089 1248 1161 ad
1263 1090 1425 1172 illorum,
1452 1091 1514 1184 qui
1530 1093 1574 1162 ele
1587 1091 1751 1167 imitatio·

554 1217 599 1269 ne
614 1190 839 1289 scripserunt,
864 1186 1014 1262 rationes
1029 1187 1204 1353 pertinet,
1228 1181 1308 1258 ciem
1326 1209 1369 1260 ea
1386 1185 1532 1284 quatuo
1549 1191 1752 1284 cognitione

553 1312 629 1363 mea
648 1293 758 1384 major
775 1281 1016 1377 difficiliorque
1047 1301 1097 1369 tt,
1122 1300 1287 1376 tanquam
1302 1303 1390 1354 unus
1409 1303 1452 1354 ex
1478 1281 1586 1378 vulgo
1608 1289 1751 1358 alteram

551 1408 690 1482 partem
705 1381 905 1478 simpliciter
923 1377 1020 1475 sequi
1037 1379 1149 1462 malo,
1173 1373 1276 1472 quam
1291 1399 1357 1450 cur
1371 1377 1407 1452 i'd
1427 1377 1572 1465 faciam,
1597 1383 1750 1458 exailiut

554 1479 743 1575 disputare.
795 1476 938 1548 illorum
949 1475 1045 1548 'verd
1065 1473 1224 1570 opinioni
1235 1469 1373 1568 semper
1387 1471 1500 1548 alsensi
1516 1479 1645 1570 magis,
1671 1497 1750 1573 quae

555 1578 737 1651 domorum
751 1574 905 1644 virorum
921 1574 1076 1644 omnium
1092 1567 1170 1667 post
1188 1567 1362 1642 Ciceronem
1391 1567 1491 1642 fuisse
1521 1574 1681 1646 videtur:
1707 1597 1748 1648 ue

552 1674 650 1748 illum
666 1672 872 1768 praecipue,
897 1693 963 1743 nec
984 1688 1100 1744 tamen
1128 1662 1234 1739 unice
1258 1667 1387 1740 imitad
1410 1660 1550 1738 studiosi
1577 1669 1749 1744 debeant:

554 1771 681 1844 imitari
698 1769 785 1842 verd
805 1785 877 1840 non
902 1765 990 1838 adeo
1022 1757 1256 1858 superstitiose
1272 1811 1283 1848 ,
1300 1769 1303 1779 '
1318 1781 1358 1834 ut
1383 1761 1426 1836 ab
1457 1759 1563 1856 ipsrua
1598 1761 1751 1861 vestigiis

556 1887 744 1959 numquam
768 1859 965 1945 discedant,
988 1857 1047 1932 sed
1063 1881 1102 1931 ut
1125 1855 1252 1952 stylum
1274 1856 1420 1930 liberum
1442 1861 1582 1952 quidem
1603 1861 1640 1934 δι
1656 1864 1751 1936 nulla

554 1963 720 2056 religione
749 1954 922 2030 astriiium
948 1973 1120 2029 conentur
1146 1953 1192 2026 ad
1211 1954 1425 2028 luculentam
1452 1955 1545 2027 illam
1571 1949 1624 2028 M.
1653 1955 1752 2030 Tullii

556 2055 755 2130 facilitatem
774 2076 880 2148 atque
895 2055 1102 2148 elegantiam
1120 2050 1316 2124 emendare.
1364 2047 1460 2123 Nam
1475 2053 1538 2145 qui
1557 2053 1674 2127 omna
1704 2053 1748 2128 ab

556 2155 677 2227 eodem
693 2151 842 2248 petenda
861 2146 1050 2232 existimat,
1075 2167 1140 2218 nec
1157 2144 1298 2240 usquam
1318 2145 1361 2218 ab
1387 2148 1449 2218 illo
1473 2147 1631 2235 recedit,
1655 2147 1751 2225 haud

557 2247 643 2321 mihi
659 2245 744 2344 pers
763 2249 853 2319 icere
871 2246 1036 2333 videtur,
1057 2241 1163 2338 quim
1182 2241 1310 2315 lato&
1336 2240 1438 2336 quim
1461 2241 1598 2318 infinito
1622 2248 1686 2336 (ut
1704 2243 1751 2320 fic

558 2345 698 2439 dicam)
749 2366 813 2425 ne,
838 2339 1009 2416 scribendi
1033 2339 1217 2412 dicendive
1241 2335 1318 2408 usus
1337 2338 1647 2416 circumscribatur.
1672 2373 1676 2386 2
1698 2339 1750 2416 Et

558 2443 595 2514 in
622 2442 762 2513 Cicerone
786 2439 847 2510 illa
862 2438 1005 2512 oratorii
1020 2434 1127 2508 officii
1142 2434 1261 2528 portio
1280 2435 1427 2507 maxime
1442 2433 1579 2534 semper
1604 2435 1751 2512 admira·

559 2539 650 2610 tium
669 2534 756 2610 fuit:
782 2535 875 2608 unde
894 2531 969 2630 ipsa
987 2531 1188 2628 eloquentia
1210 2553 1334 2604 nornen
1352 2527 1502 2626 sumpsit
1552 2530 1632 2624 Jam
1661 2533 1751 2610 verd

559 2655 600 2706 ut
627 2636 657 2705 is
678 2635 715 2704 in
739 2653 780 2704 ea
795 2629 944 2701 maxime
964 2629 1133 2716 excellat,
1158 2647 1366 2702 nontamen
1396 2628 1477 2700 ideo
1503 2624 1593 2702 solus
1622 2633 1753 2726 ample·

560 2727 704 2801 tiendus
723 2724 783 2798 est.
833 2723 961 2798 Oratio
984 2725 1121 2820 quippe
1137 2745 1249 2797 rerum
1267 2722 1555 2798 ex'licandarum
1579 2723 1676 2798 causa
1701 2727 1755 2800 in·
1886 2751 1887 2762 ¹

560 2845 667 2899 venta
698 2819 759 2896 est.
809 2819 1052 2916 Quamobrem
1082 2819 1143 2914 qui
1172 2838 1226 2892 ree
1257 2817 1295 2930 ip
1312 2841 1348 2894 ns
1382 2842 1454 2892 non
1487 2818 1642 2908 discunt,
1668 2825 1754 2918 quid

560 2918 678 3016 quaeso
696 2915 807 2992 laudis
833 2937 878 2988 ex
900 2916 993 2989 inani
1012 2914 1180 2989 orationis
1203 2915 1329 2988 tinnitu
1353 2918 1492 2990 moereri
1505 2918 1674 2990 valeant?
1698 2919 1755 2992 vel

561 3018 649 3113 quid
667 3016 813 3110 dignum
833 3013 1035 3108 posteritate
1063 3011 1165 3086 edere
1189 3014 1345 3104 queant?
1379 3009 1587 3086 Prudentem
1616 3011 1753 3110 Ulyffem

559 3112 756 3210 pradicant
778 3120 923 3206 poe‘tae,
947 3111 1137 3182 multorum
1156 3129 1270 3181 morea
1288 3108 1469 3182 hominum
1486 3110 1582 3204 quud
1604 3111 1695 3185 vidit
1715 3107 1756 3184 dc

562 3211 685 3283 urbes:
711 3231 755 3280 an
774 3229 846 3279 non
875 3206 999 3280 eodem
1019 3205 1126 3278 modo
1144 3204 1344 3288 credemus,
1368 3206 1598 3292 eruditionem
1623 3229 1693 3280 non
1713 3229 1758 3280 ex

564 3308 667 3382 unius
682 3305 895 3390 imitatione,
919 3297 976 3375 sed
991 3323 1037 3376 ex
1054 3301 1242 3376 multorum
1257 3297 1409 3376 lectione
1422 3302 1563 3469 qarari‘i
1579 3300 1658 3391 Jam
1668 3327 1757 3377 vero

528 3432 532 3441 .
564 3399 619 3475 isti
641 3402 725 3504 quid
742 3401 839 3473 dabit
859 3397 988 3472 eruditi
1008 3415 1225 3494 cognomen,
1250 3396 1311 3492 qui
1333 3417 1400 3469 nec
1459 3398 1653 3492 heologiam
1679 3401 1760 3471 atti·

566 3501 639 3593 git,
663 3518 729 3569 nec
755 3494 1059 3590 jurisprudentiae,
1094 3515 1158 3567 nec
1181 3487 1395 3574 Mediclnae,
1429 3516 1495 3568 nec
1524 3489 1761 3590 Philosophia

563 3606 711 3692 operam
733 3591 854 3676 dedit,
879 3611 1088 3684 omnemque
1112 3590 1147 3661 in
1177 3609 1221 3662 eo
1239 3607 1378 3662 aetatem
1394 3587 1589 3686 insumpl'rt,
1616 3609 1656 3662 ut
1673 3591 1760 3664 Cice-

563 3711 682 3861 llll,
696 3687 936 3858 iiiiii}
960 3681 1529 3858 illeillll‘rlzllllilt
1553 3709 1593 3860 l
1613 3687 1757 3856 {llll

564 3875 836 3976 supremumque
871 3804 1040 3952 meionis
1066 3878 1231 3955 colorem.
1280 3873 1415 3958 Verium
1448 3881 1485 3954 in
1523 3836 1758 3954 membrorum

562 3972 840 4070 compositione,
881 3973 921 4050 in
947 3996 1053 4052 carne
1077 3997 1119 4050 ac
1143 3972 1251 4054 flocco
1281 3975 1363 4059 illo,
1388 3976 1453 4070 qui
1476 3977 1624 4048 mxime
1649 3977 1760 4050 numu
1882 4047 1887 4058 ,

564 4074 787 4156 credonem,
818 4069 887 4146 erit
911 4071 1061 4145 max‘nne
1088 4068 1261 4146 dissimilia.
1311 4069 1432 4166 Quem
1455 4093 1527 4145 non
1556 4073 1645 4146 male
1666 4068 1760 4146 sorte

563 4169 794 4264 compararim
818 4167 1022 4246 mulieribna
1047 4165 1120 4242 iliis
1153 4165 1314 4254 ltalicla,
1372 4189 1428 4240 uae
1459 4168 1562 4266 pingi
1598 4167 1759 4264 quotidie

514 4301 518 4306 ·
563 4262 934 4361 asuevemnt,quaosr
948 4263 1094 4361 quando
1109 4189 1417 4362 mcosdmosuilse
1431 4267 1572 4350 videas,
1595 4261 1758 4360 rugosum

563 4358 824 4459 deformemque
841 4357 968 4441 facient
985 4381 1057 4440 non
1073 4355 1145 4464 fine
1161 4355 1263 4442 causa
1277 4361 1403 4444 rideat.
1451 4359 1531 4464 Ego
1548 4379 1668 4460 eutem
1685 4356 1761 4530 spen

1091 4493 1095 4500 ·
1718 4475 1737 4530 r
