3967 5167
568 463 914 589 234v1ourr
941 494 1011 560 m
1038 468 1295 566 auran
1332 472 1705 573 zurcuuur

385 720 525 797 aar
737 720 1247 816 uorsaoun
1302 724 1578 819 xcrrr.

594 974 855 1083 Jonuur
906 975 1245 1109 ouonoro
1299 952 1736 1082 uunnnuu'o.
1814 1054 1856 1071 ..

385 835 433 875 mo
448 814 507 873 ΙΙΙ.

383 898 437 953 sol.
461 909 508 951 10.

401 1279 503 1355 1537·
566 1234 737 1347 Instruit
765 1237 892 1354 Juris
909 1240 1130 1355 studiosum
1148 1248 1252 1329 circa
1306 1247 1441 1331 raxim
1471 1244 1762 1362 addiscendam,

622 1346 764 1441 Mota's
777 1358 1055 1470 componendos
1071 1376 1216 1443 monet.
1294 1363 1354 1444 ais
1369 1354 1708 1456 Dodorirnontcn

493 1466 501 1487 '
784 1472 1017 1559 mereatur?
1049 1466 1131 1583 Qui
1154 1476 1327 1559 auderes
1354 1466 1560 1587 deligendi.

632 1742 871 1819 Xnovissrntis
905 1748 973 1820 tuis
1011 1745 1162 1831 litteris,
1198 1741 1414 1821 Ornatillsnre
1452 1748 1595 1842 Joannrr
1627 1752 1757 1849 Georgi,

652 1844 808 1937 parentis
824 1844 877 1917 tui
897 1846 941 1915 tle
960 1866 994 1915 te
1017 1841 1198 1917 confilium
1222 1842 1399 1931 intellexi3
1427 1847 1522 1938 quod
1543 1850 1647 1937 anati
1665 1870 1758 1923 tuam

563 1934 818 2105 squestionem
842 1941 1145 2037 petitionemque,
1170 1956 1230 2009 aut
1245 1940 1394 2032 quinam
1419 1942 1463 2012 de
1487 1940 1588 2015 etun
1615 1944 1759 2040 abipso

564 2032 600 2104 in
633 2034 838 2125 iturum-stt,
864 2036 958 2108 haud
974 2034 1054 2109 satis
1077 2032 1161 2107 inde
1186 2038 1349 2129 colligere
1368 2038 1495 2130 potui,
1518 2036 1599 2110 crim
1626 2062 1664 2111 tu
1683 2042 1760 2114 bre-

564 2131 658 2223 viter
677 2133 863 2225 admodum
884 2130 928 2204 ad
950 2154 1005 2205 me
1031 2129 1179 2212 scribas,
1205 2130 1372 2226 petasque
1393 2152 1431 2205 ut
1451 2153 1565 2205 meum
1589 2137 1654 2209 tibi
1676 2158 1759 2211 con

559 2222 676 2299 vsilium
702 2230 738 2301 in
764 2228 954 2301 studiorum
973 2249 1112 2301 tuorum
1143 2222 1410 2313 institutionem,
1445 2228 1634 2322 praesertim
1662 2236 1758 2307 circa

563 2327 720 2419 praxim,
743 2326 792 2421 int
820 2326 951 2399 eniam.
1004 2322 1152 2412 Quodsi
1173 2344 1214 2397 tu
1229 2320 1411 2397 addidisses
1427 2327 1573 2419 quinam
1593 2328 1757 2401 decausis

563 2422 601 2491 in
619 2418 750 2495 ltaliam
771 2348 835 2495 cdi
853 2418 1068 2493 redeundum
1085 2422 1211 2515 parens
1227 2416 1389 2496 statuisset
1399 2473 1412 2509 ,
1433 2426 1503 2517 jana
1527 2442 1590 2515 ego
1608 2422 1756 2497 fortassis

439 2526 440 2529 ’
564 2518 676 2612 magis
695 2514 924 2593 accommodi,
951 2518 996 2591 de
1014 2518 1082 2590 tuis
1096 2514 1216 2589 studiis
1244 2539 1354 2589 meam
1385 2518 1450 2589 tibi
1474 2516 1675 2590 sententiam
1695 2544 1756 2593 ex-

563 2635 696 2707 ponere
715 2611 907 2709 potuiffem.
955 2612 1082 2685 Ducor
1106 2634 1223 2686 tamen
1247 2608 1462 2705 conjesturd,
1489 2610 1569 2684 cirm
1589 2611 1696 2687 Senas
1721 2636 1757 2690 te

564 2706 807 2801 profesturum
825 2706 978 2791 scribas,
1002 2709 1053 2780 illi
1067 2712 1227 2804 placere,
1252 2709 1389 2802 utpost
1406 2706 1619 2801 degustatam
1639 2710 1756 2785 foren-

564 2802 634 2877 sem
664 2808 819 2899 praxint,
844 2805 889 2877 ad
919 2802 1143 2877 Academiam
1169 2805 1321 2897 aliquam
1348 2805 1528 2889 reversus,
1560 2820 1779 2881 eutremum'

420 2924 424 2932 ’
562 2898 637 2975 illic
653 2900 844 2975 studiorum
868 2920 1007 2975 tuorum
1030 2896 1145 2973 aslum
1173 2896 1326 2973 feliciter
1343 2898 1521 2986 absolvas,
1543 2899 1759 2976 Doeioralis-

565 3017 634 3089 quc
655 2996 804 3070 Laureae
825 2995 967 3091 insignia
984 2992 1164 3091 suscipias,
1189 2996 1401 3089 quodetiam
1417 2994 1465 3069 D.
1492 2996 1654 3069 Claudium
1675 3000 1757 3071 Paa-

567 3095 693 3186 ringer,
716 3092 765 3165 D.
790 3094 986 3165 leonardum
1006 3092 1255 3186 Langentanrel,
1277 3090 1429 3187 aliosque
1442 3112 1521 3165 tuos
1540 3094 1638 3167 cives
1656 3092 1755 3168 secis-

566 3184 601 3261 se
619 3186 700 3264 scio.
748 3186 831 3264 Nec
854 3190 939 3262 mihi
965 3185 1015 3260 ab
1037 3211 1076 3261 re
1102 3188 1259 3268 videtur,
1292 3185 1372 3261 crim
1397 3213 1468 3260 non
1495 3190 1635 3262 minima
1665 3194 1753 3285 juris
1873 3275 1874 3278 Ἴ

566 3280 719 3359 scicntiae
743 3308 847 3383 pars,
882 3288 918 3359 in
946 3281 1009 3357 usu
1041 3304 1083 3355 ac
1114 3280 1290 3357 musarum
1328 3282 1515 3357 forensium
1539 3286 1759 3381 experientia

567 3381 746 3467 consistat,
770 3404 841 3456 non
858 3400 960 3454 antea
980 3374 1206 3454 nouorum
1233 3376 1405 3473 suscipere
1433 3382 1591 3463 titulum,
1616 3384 1678 3476 qui
1695 3384 1757 3455 de·

459 3486 463 3493 ’
566 3476 667 3552 curso
681 3478 871 3552 studiorum
884 3474 996 3572 spatio
1009 3476 1157 3549 concedi
1171 3475 1273 3561 solet,
1298 3476 1401 3642 quint
1413 3476 1494 3551 huic
1507 3499 1649 3573 quoque
1663 3482 1760 3574 parti

566 3576 780 3671 aliquatenus
810 3567 1019 3647 satisfaciam
1053 3570 1104 3643 fit.
1155 3570 1267 3666 Quod
1314 3595 1325 3644 t
1360 3594 1397 3645 tu
1437 3576 1507 3645 hoc
1544 3572 1692 3648 corrsrlid
1721 3576 1757 3647 in

532 3670 701 3755 ,Italiam
730 3668 882 3757 redibis,
906 3690 973 3763 pro
999 3689 1079 3740 mco
1106 3688 1189 3757 erga
1214 3687 1249 3739 tc
1274 3688 1390 3751 amore
1422 3670 1492 3741 hoc
1519 3688 1553 3741 te
1595 3672 1758 3765 inprimis

566 3764 860 3843 commonendum
885 3788 995 3862 puto,
1017 3782 1058 3837 ut
1078 3764 1235 3858 cogites,
1259 3762 1367 3835 istum'
1385 3764 1525 3837 titulum
1548 3788 1621 3838 non
1644 3770 1755 3841 modti

568 3868 722 3940 exasiam
749 3864 921 3962 quandam
952 3860 1201 3942 eruditionem,
1225 3856 1283 3931 sed
1309 3860 1394 3933 vitae
1425 3863 1529 3933 etiarn
1556 3862 1595 3937 δι
1620 3886 1761 3935 morum

592 3964 771 4038 raritatem
795 3978 901 4055 atque
925 3955 1279 4051 maturitatemque
1303 3975 1479 4028 externum
1497 3959 1671 4051 quoddam
1694 3962 1764 4033 do-

447 4144 450 4151 *
565 3985 687 4133 dtrinae
701 4058 898 4154 symbolum
921 4052 990 4141 est,
1014 4052 1217 4147 undeuulgi
1235 4048 1313 4124 ferd
1336 4052 1515 4127 aestimatid
1529 4054 1679 4149 pendet,
1703 4078 1762 4126 re-

565 4155 713 4250 quirere
764 4152 857 4229 cum
876 4150 967 4225 enim
995 4149 1148 4247 populus
1182 4149 1227 4234 dc
1255 4148 1381 4222 litteris
1401 4150 1560 4242 judicare
1583 4172 1758 4244 nequeat,

564 4272 644 4325 carm
661 4250 799 4325 demum
817 4248 1011 4323 Doeiorem
1030 4245 1163 4319 nomini
1183 4242 1245 4317 suo
1266 4242 1474 4340 respondere
1507 4246 1698 4334 existimat,
1713 4249 1761 4337 ¹in

563 4344 833 4442 cujusmoribua
858 4344 947 4435 nihil
972 4337 1198 4430 disolutem
1221 4340 1309 4420 nihil
1331 4340 1577 4436 temerarium,
1598 4341 1760 4419 nihilor-

1608 4458 1762 4535 rogans,
