3967 5167
201 583 204 593 ’
330 567 522 668 nnrsn.
553 565 858 666 sennenn
884 592 950 663 m
971 565 1312 669 urvunsoS.
1359 599 1438 690 145

236 757 360 834 nenses
380 759 495 834 adhuc
519 781 539 830 a
561 753 683 830 'l’trrca
710 753 789 828 sunt
812 753 938 828 obselli.
988 753 1135 828 Solville
1169 776 1283 830 tamen
1309 755 1437 830 dicitur

237 858 384 930 Andreas
407 857 445 927 de
468 857 553 927 Otia
576 851 654 946 (6)
679 870 719 922 ut
741 850 930 923 succurrat.
982 849 1139 922 Comites
1162 875 1182 921 a
1207 853 1433 944 Rtnnenbnrgo

234 969 348 1041 tecum
376 948 442 1025 elle
462 949 609 1045 gaudeo.
661 943 752 1020 Cum
772 943 909 1039 Gasporc
929 945 1016 1018 mihi
1041 947 1078 1018 in
1098 947 1215 1020 Gallia
1232 969 1352 1040 magna
1366 943 1434 1018 fuit

229 1043 464 1120 familiaritas:
490 1044 761 1138 necquicquam
781 1044 843 1112 illo
865 1043 939 1115 vidi
955 1061 1015 1112 aut
1030 1041 1213 1114 modestius
1233 1065 1291 1112 aut
1309 1041 1431 1138 synce-

231 1141 318 1214 rius.
369 1140 421 1212 Et
445 1140 505 1212 has
529 1140 707 1223 virtutes,
731 1134 864 1210 tametsi
888 1138 1028 1232 generis'
1047 1133 1227 1230 splendore
1253 1134 1329 1210 satis
1355 1139 1432 1210 illu·

233 1234 338 1318 stres‚
363 1238 542 1308 literarum
561 1255 699 1327 quoque
718 1231 885 1305 indefello
904 1235 1055 1340 quodam
1074 1233 1186 1341 studio
1204 1254 1327 1305 ornare
1347 1232 1432 1304 sum·

232 1325 1435 1518 internuntiat-...literit‘t;‚.t¹¹.¹nlt.ate

234 1544 309 1615 que
325 1522 462 1593 debere.
511 1517 664 1591 Debebo
691 1540 805 1590 autem
835 1515 860 1586 fi
889 1517 1166 1592 benevolentiam
1190 1539 1286 1590 tuam
1317 1539 1433 1592 tanto·

233 1638 322 1710 pere
342 1615 522 1710 expetenti
540 1637 611 1687 non
629 1633 770 1706 gravate
798 1615 982 1707 impertiat.
1034 1613 1195 1685 Vincentio
1215 1615 1327 1707 Magio
1356 1611 1434 1780 gy)

233 1714 351 1784 literas
373 1730 448 1782 tuas
475 1708 600 1781 tradidi
647 1707 800 1780 Habitat
819 1710 877 1780 hic
889 1757 903 1794 ,
936 1705 1261 1802 &Philosophiam
1289 1731 1355 1804 pro
1385 1731 1434 1782 te·
1563 1741 1567 1752 ·

234 1827 310 1878 tur:
337 1804 539 1877 Graecarum
558 1805 736 1877 literarum
754 1803 914 1898 apprime
937 1800 1062 1874 doetus
1080 1801 1155 1890 est,
1180 1805 1217 1877 &
1236 1805 1279 1876 ab
1298 1805 1433 1879 audito·

233 1901 332 1972 ribus
346 1899 474 1972 summe
492 1901 763 1973 commendatur.
814 1899 890 1970 Bere¹
905 1897 1052 1994 epistola
1077 1903 1151 1989 (8)
1175 1921 1246 1970 non
1273 1903 1434 1994 pervenit

234 1995 280 2067 ad
300 2019 368 2070 me.
415 1994 474 2068 De
491 1993 540 2068 H.
565 1996 611 2070 A.
627 1993 779 2068 scribam
795 1991 888 2067 forte
906 1995 1038 2090 aliquid
1056 1993 1243 2089 proxime:
1267 2017 1346 2068 nam
1364 1995 1434 2071 Vc.-

234 2092 348 2164 netiae
368 2093 419 2162 ire
444 2090 541 2162 statui
563 2088 643 2186 post
671 2092 806 2184 aliquot
832 2090 918 2164 diet.
976 2088 1169 2184 Conjunxit
1192 2113 1239 2162 nu
1268 2113 1305 2164 er
1326 2093 1435 2164 literis

238 2187 327 2259 meis
344 2186 387 2258 ad
404 2207 439 2259 te
455 2185 625 2259 Monachi
635 2187 817 2281 cujrrsdam
833 2185 1012 2277 epistolam
1031 2187 1206 2279 Anselmus.
1284 2209 1329 2260 oo
1349 2191 1436 2258 novi

234 2283 319 2374 quie
346 2278 410 2366 sre,
435 2282 474 2354 &
500 2281 649 2354 mirabar
680 2303 745 2355 cur
774 2282 862 2352 nihil
886 2280 960 2376 ipse
990 2279 1165 2355 scriberet.
1212 2280 1308 2354 Bene
1335 2283 1435 2364 vale,

236 2377 371 2464 Erasmt
385 2377 565 2449 literarum
576 2378 731 2450 omnium
748 2373 909 2449 decus&
924 2393 1075 2473 patrone
1090 2379 1177 2452 mibi
1189 2375 1433 2452 colendiffinre.

230 2466 373 2548 Patavii
395 2472 561 2567 postridie
585 2471 735 2549 Calend.
758 2471 907 2564 Augusti
934 2492 1039 2564 ¹533·

427 2595 1239 2760 unrarounxuvt
1472 2669 1595 2810 aff

236 2876 241 2910 τ
319 2852 833 2950 ,nnana-arco
890 2855 1243 2948 sonunt<
1306 2856 1350 2949 A
1471 2769 1616 2968 {iffi

466 2967 1205 3081 Taueuuaunott
1699 2983 1706 2996 ·

236 3150 397 3276 Magna
421 3155 617 3248 civilitate
653 3158 711 3255 Θ*
735 3159 894 3277 prolixe
930 3159 1188 3253 Fredericum
1215 3161 1435 3270 demulcet,
1502 3185 1607 3259 1533·
1637 3183 1641 3193 '

1388 3298 1437 3366 ul

282 3417 347 3502 (6)
369 3415 508 3514 mairem
527 3417 563 3485 dc
581 3413 682 3506 Oria]
706 3419 764 3491 seu
791 3417 911 3500 Atria,
932 3419 1049 3492 verius
1074 3419 1199 3499 Dorio,
1227 3415 1434 3502 Genuenlis,

236 3501 483 3593 celeberrimus
510 3503 568 3572 ifle
600 3501 717 3572 seculo
744 3507 840 3577 XVI.
869 3508 972 3574 maris
1018 3505 1203 3580 rosellus,
1232 3503 1384 3594 Francisco
1403 3509 1432 3576 l.

236 3581 430 3678 Galliarum
450 3585 537 3672 Regi
581 3587 725 3677 timum,
746 3590 827 3659 dein
846 3589 976 3660 Carolo
1029 3587 1266 3676 .1mp,lid,us‚
1286 3607 1327 3658 ac
1349 3591 1431 3659 stre-

234 3662 407 3731 nurllitnus
417 3667 512 3734 Dux.
586 3689 687 3754 equo
708 3673 858 3741 historici
876 3673 1003 3760 paflim.

281 3747 348 3845 (7¹)
372 3747 523 3817 Vmeernr'o
543 3752 670 3838 Magio]
693 3773 821 3824 nornen
833 3759 906 3845 ejus
916 3759 1079 3844 vulgare,
1100 3754 1159 3822 Ma
1197 3763 1219 3823 t.
1239 3755 1324 3820 Erat
1339 3757 1430 3824 enim

236 3830 417 3899 lirmanus
437 3824 565 3911 inlus,
584 3835 637 3901 uti
656 3851 712 3903 rne
729 3840 850 3907 docuit
864 3843 1016 3908 Mercrius
1031 3848 1064 3905 in
1080 3839 1165 3906 Diti.
1209 3836 1249 3920 st.
1270 3837 1353 3904 dum
1363 3857 1431 3909 nee

235 3915 384 3992 aureus,
404 3933 474 4011 nec
493 3913 635 3999 myrtus,
655 3932 721 3986 nec
734 3921 917 3990 Nicerom'us
927 3923 971 3992 de
990 3923 1050 3990 illo
1072 3923 1267 4006 quidquam.
1308 3919 1429 4008 Erasmt‘

236 3997 281 4064 ad
300 4013 381 4068 eunt
406 3997 550 4084 epistola
579 4000 719 4067 videtur
746 4001 918 4075 interiisse.
967 4007 1076 4073 Certe
1106 4005 1142 4068 in
1162 4017 1254 4069 nova
1273 4005 1426 4078 editione

235 4097 307 4148 non
326 4097 517 4168 comparet.
563 4083 675 4153 Virtam
687 4091 776 4170 pium
794 4088 830 4158 Θ
845 4091 1064 4177 perbuoronum
1077 4103 1158 4155 eum
1169 4101 1274 4155 vocat
1283 4087 1430 4177 Erasmus

236 4167 288 4233 eol.
310 4185 402 4252 1192.
424 4166 470 4236 V.
492 4167 670 4235 Materiam.

152 4341 157 4348 -
235 4249 1261 4422 ..lihillgil'l'llihmrliiaffllbltihnld⁶
1274 4249 1436 4328 aa...

505 4379 517 4411 2
1099 4391 1108 4408 ο
1211 4389 1219 4408 ι

277 4412 343 4572 (ιζ)
365 4415 531 4578 Ρῗῗτῑαιε
549 4419 657 4492 Soron
677 4442 699 4494 a
719 4421 934 4586 Ταανιηὸωῶε,
953 4426 986 4512 J.
1012 4423 1044 4494 U
1064 4423 1112 4497 D.
1132 4421 1278 4498 Affeffor
1293 4421 1330 4492 δι
1341 4437 1431 4568 pr?-
