3967 5167
364 476 555 575 untur.
584 472 890 573 sunnone
915 496 983 575 m
1010 475 1327 578 DIVERSOS
1391 488 1475 601 369
1633 441 1643 449 ’

269 670 527 822 {titillet
541 646 1053 837 l‘lll‘ttttlllllllal
1078 648 1475 837 ffliallcffllo'

267 839 414 939 lingulis
432 844 507 914 vini
527 843 612 911 amis
630 839 764 913 solvere
783 860 892 932 cogor
912 841 1051 913 nomine
1072 842 1157 910 novi
1176 841 1278 934 hujus
1296 770 1472 935 impodti,

297 938 371 1010 uod
396 937 514 1011 Status
534 934 730 1009 Brabantiae
754 934 1050 1021 introduxerunt,
1074 931 1219 1007 lluferos
1239 944 1297 1025 48.
1323 940 1378 1009 Ad
1393 939 1472 1013 lraec

262 961 360 1107 Eolvi
380 1056 447 1129 pro
468 1032 608 1127 singulis
631 1026 720 1105 focis
749 1026 932 1104 florenum.
983 1030 1085 1103 Solvi
1113 1028 1311 1124 vigefimam
1336 1032 1472 1127 pensio·
1551 1035 1555 1041 ’

263 1130 326 1201 nis
356 1130 505 1201 aedium:
539 1146 666 1221 praeter
694 1127 785 1207 alia,
810 1126 937 1221 quibus
963 1128 1022 1200 hic
1050 1124 1123 1199 non
1147 1128 1259 1201 minus
1283 1128 1470 1216 Curiales,

263 1224 377 1319 quam
400 1224 514 1296 caeteri
537 1226 661 1295 incolae
683 1247 724 1297 ac
745 1223 840 1295 cives
883 1244 1059 1297 ravantur.
1110 1218 1349 1308 Quamobrem
1365 1226 1469 1295 velim

245 1314 454 1393 exculesa
481 1321 529 1392 ud
548 1319 714 1413 Collegae
734 1338 813 1391 tuot
835 1247 892 1390 odi

260 1413 307 1486 ,sa
331 1414 426 1509 apud
479 1418 615 1511 eginam
630 1415 743 1487 nullus
765 1416 863 1487 locus
883 1414 1098 1489 conceditur.
1147 1410 1370 1509 Objiciebam
1388 1411 1468 1488 Ma·

257 1502 382 1605 jestati
406 1506 503 1598 suae,
536 1510 625 1583 hanc
649 1510 899 1583 immunitatem
931 1507 1051 1582 halieri
1071 1512 1107 1582 in
1130 1529 1228 1604 parte
1256 1509 1469 1583 Salari'orum

262 1606 486 1687 nostrorum,
512 1602 630 1699 quaeli
650 1604 904 1690 diminuantur,
917 1608 1044 1678 merito
1067 1626 1131 1677 nos
1149 1604 1469 1701 habereregrelium

263 1702 312 1774 ad
330 1698 517 1787 Caelarem,
543 1722 582 1773 ut
596 1698 774 1795 suppleat,
800 1699 955 1794 quodsrc
976 1701 1156 1776 deciditur.
1190 1699 1394 1774 Premebam
1408 1724 1469 1773 au·
1499 1710 1518 1761 -'

233 1797 432 1869 ‘thotitete
456 1794 558 1869 Evau
585 1797 663 1868 elii:
699 1801 749 1891 (a
809 1797 980 1891 numquid
1003 1800 1064 1891 qui
1091 1798 1126 1868 in
1150 1793 1313 1869 domibus
1330 1792 1469 1891 Regum

262 1890 366 1980 sunt,
389 1892 539 1985 eettigal
554 1817 727 1963 diluunt?
781 1888 824 1963 ed
849 1892 910 1965 illa
934 1892 1011 1965 haec
1029 1894 1073 1966 ad
1088 1891 1266 1963 ordinaria
1284 1893 1467 1987 veltigalia

262 1988 444 2155 pertinere
468 1988 527 2059 ait.
575 1984 808 2081 Quaeritque,
835 2008 924 2059 anne
944 1988 981 2061 δι
1000 2002 1065 2062 nos
1083 1984 1247 2062 adversus
1269 1984 1385 2060 hostes
1405 1989 1466 2061 de·
1503 2055 1506 2060 Α

285 2108 304 2157 e

895 1321 985 1393 cium
1005 1340 1140 1405 meum,
1163 1320 1225 1393 cui
1242 1320 1278 1390 in
1303 1320 1369 1393 hac
1391 1342 1470 1392 cau·
1512 1380 1517 1393 .
1606 1395 1610 1403 ,

306 2082 481 2156 udamur'l
514 2080 632 2175 Atque
663 2099 704 2154 ut
725 2082 793 2158 iltis
819 2082 855 2155 in
924 2083 1061 2155 entibus
1088 2104 1192 2152 nemo
1226 2082 1358 2156 otiosus
1380 2081 1465 2156 deli-
1566 2146 1571 2155 .

265 2180 352 2254 dete
368 2177 509 2265 debet,
540 2175 600 2251 sed
623 2174 829 2273 utquisque
890 2177 1021 2271 rincipi
1047 2175 1097 2250 est
1119 2176 1295 2271 propior,
1324 2178 1374 2249 ita
1396 2179 1467 2272 pri·

262 2298 348 2349 mus
372 2274 419 2347 ad
443 2294 535 2347 arma
560 2294 741 2347 accurrere
761 2274 884 2347 debet:
909 2272 958 2346 lic
981 2292 1124 2367 quoque
1146 2266 1288 2344 eosdem
1311 2272 1355 2343 ad
1381 2292 1465 2345 cou-

260 2370 491 2447 tributionem
515 2373 667 2458 e‘orum,
698 2388 777 2463 quae
800 2366 921 2453 militi,
946 2366 1101 2464 ipsorum
1123 2366 1240 2439 vicem
1263 2364 1465 2450 sustinenti,

174 2516 178 2521 -
262 2465 477 2549 solvuntur,
518 2465 652 2537 coe'terit
672 2466 797 2559 praeire
829 2462 967 2539 debere.
1017 2462 1069 2537 Et
1091 2481 1291 2557 quanquam
1309 2484 1382 2534 non
1406 2460 1499 2558 de·¹
1551 2478 1559 2485 ·

263 2561 375 2645 sunt,
401 2581 481 2653 quae
503 2559 666 2652 replicari
691 2558 842 2653 pofftnt:
866 2558 948 2635 edm
973 2559 1118 2633 videam·
1135 2577 1252 2630 tamen
1276 2558 1369 2631 illam
1395 2558 1465 2633 hac

264 2653 545 2731 contradittione
569 2654 677 2749 magis
701 2654 745 2727 ad
773 2654 880 2742 iam,
912 2650 1018 2748 quim
1041 2654 1085 2727 ad
1110 2652 1299 2747 aequiorem
1328 2655 1464 2729 moveri

261 2750 494 2834 sententiam,
518 2769 628 2843 cogor
652 2747 747 2823 certe
774 2752 822 2824 ab
836 2750 1003 2827 ulteriore
1029 2754 1106 2845 ejus
1128 2745 1241 2837 caulae
1262 2743 1462 2824 defendique

262 2844 435 2921 desistere.
486 2842 725 2938 Quamobrem
748 2842 828 2919 cum
847 2846 936 2921 nihil
955 2842 1083 2943 profici
1101 2863 1223 2939 queat,
1249 2842 1287 2915 &
1314 2864 1378 2915 noa
1403 2844 1463 2918 hic

261 2944 303 3017 in
323 2942 442 3019 eadem
460 2936 562 3013 limus
576 2941 679 3027 navi,
690 2962 762 3037 non
776 2942 893 3019 habeo
910 2940 1008 3017 aliud
1027 2942 1125 3035 quod
1143 2934 1337 3025 oonsulam,
1356 2937 1463 3035 quam

263 3058 308 3113 ut
328 3057 513 3112 commune
531 3036 658 3109 malum
672 3039 848 3132 patienter
865 3036 991 3113 feratin
1016 3034 1116 3110 Beue
1129 3034 1228 3125 vale,
1245 3030 1318 3128 Sufi
1331 3034 1461 3110 Aman-

262 3130 409 3209 uffime:
447 3150 489 3205 ac
513 3128 672 3205 Domino
695 3133 736 3203 ab
767 3128 944 3229 Affendelft
970 3130 1045 3227 (3)
1069 3130 1208 3206 ceteris
1226 3154 1271 3203 ue
1296 3126 1459 3201 Dominis

261 3230 368 3305 Colle
392 3227 582 3300 ismultam
605 3225 722 3325 quaeso
749 3248 770 3301 a
790 3252 846 3307 me
874 3226 1020 3309 salutem
1035 3226 1158 3321 dicito.
1240 3222 1383 3300 ruxellae
1405 3223 1458 3298 ul·

260 3325 346 3399 titu‘a
410 3320 585 3398 ovembris
609 3339 715 3411 1554.

305 3511 372 3599 (n)
393 3512 586 3582 Autlorttute
603 3514 793 3601 Evangelii]
826 3463 955 3600 Indquo
974 3513 1013 3583 id
1038 3511 1227 3601 Evangelio
1246 3510 1373 3599 legerit
1397 3507 1457 3612 γι-

258 3594 359 3683 guas,
380 3614 400 3664 e
424 3616 446 3663 o
466 3599 635 3682 quidemi
684 3619 760 3667 oro.
999 3658 1004 3669 ,

308 3677 374 3765 (3)
430 3686 526 3747 utino
545 3682 583 3746 ab
603 3618 790 3837 Αἵιιιάιγι]
814 3681 997 3762 Gerardo,
1018 3678 1170 3767 opinor,
1220 3681 1258 3747 ui
1277 3689 1357 3747 ante
1378 3676 1455 3745 eor·

258 3760 372 3830 aarum
399 3761 474 3851 Suys
499 3762 614 3833 eidem
659 3780 777 3837 tuetur
803 3764 986 3853 presedit,
1014 3779 1056 3835 ut
1075 3764 1181 3836 habet
1247 3781 1331 3831 euw.
1350 3766 1401 3831 cir.
1417 3777 1455 3847 p.

1445 3896 1450 3906 ι
