3967 5167
460 481 846 630 ‚104v1on11
883 527 950 598 nr
979 501 1239 599 Arrun
1273 430 1639 600 zur'cnnnr

495 705 627 778 magno
645 680 731 766 suit,
757 681 922 777 spemque
934 702 1009 753 non
1022 679 1239 754 'mediocrem
1263 681 1307 754 ati
1324 675 1563 774 subsequentia
1585 679 1699 753 aetatu

500 777 688 864 successum
710 780 907 874 pollicetur.
958 777 1009 849 Et
1040 776 1245 874 parentibus
1271 795 1416 870 quoque
1445 775 1555 869 magia
1579 777 1698 870 placet

501 877 591 946 illud
609 877 693 947 vitae
718 893 819 947 meae‘
836 873 1054 960 institutum,
1079 873 1172 947 unde
1197 873 1234 946 δι
1253 872 1321 944 illi·
1335 873 1431 942 usum
1455 874 1606 965 aliquem
1631 875 1700 944 mei

502 969 639 1064 sperate
653 988 794 1063 queant.
844 968 939 1042 Hoc
958 971 1077 1064 itaque
1095 955 1216 1054 ratioff'
1228 971 1361 1063 optime
1381 964 1482 1059 Zafi,
1509 965 1701 1060 profitendi

502 1064 683 1140 consilium
702 1067 790 1135 mihi
811 1062 1001 1151 dissuadet,
1026 1083 1065 1138 ut
1088 1069 1188 1138 etiam
1206 1067 1263 1136 vel
1286 1085 1342 1136 me
1367 1086 1438 1135 non
1460 1082 1624 1151 terreret,
1641 1067 1703 1140 vel

504 1180 668 1258 gravaret
691 1161 820 1256 Zoſsani
834 1163 981 1234 nominis
1004 1162 1196 1242 claritudo,
1222 1181 1326 1252 quant
1345 1181 1411 1253 ego
1426 1155 1589 1230 sustinere
1605 1149 1715 1233 nullo'

505 1259 591 1330 mihi
608 1253 712 1352 passo
739 1255 834 1352 polle
849 1259 996 1330 videon·
1034 1258 1137 1328 Meus
1168 1277 1282 1328 tamen
1297 1255 1442 1326 animus·
1473 1278 1511 1328 et
1526 1251 1702 1348 requietis

506 1353 555 1424 eil
565 1352 827 1435 manebimus,
843 1351 1065 1446 discendique
1077 1350 1326 1446 cupidiffirnua:
1345 1371 1424 1444 quae
1459 1371 1504 1424 uo
1514 1349 1704 1446 profitendi

504 1449 665 1529 conditio
682 1449 824 1545 abunde
844 1448 1052 1544 suppeditat.
1102 1449 1292 1542 Aequent
1310 1446 1412 1520 etiam
1433 1469 1489 1520 me
1517 1447 1712 1540 aliquando.

508 1547 555 1617 ad
572 1545 712 1639 negotia
735 1541 956 1628 transferam,
972 1566 1012 1617 ea
1037 1543 1152 1616 tamen
1170 1539 1473 1636 eousque-sequar,
1498 1541 1612 1616 donec
1627 1565 1706 1636 par·

509 1661 585 1712 mm
597 1645 743 1734 adeptus
760 1637 880 1721 suero,
897 1641 932 1712 in
946 1664 1024 1736 quo
1036 1639 1119 1710 mibi
1136 1641 1238 1710 liceat
1249 1639 1320 1733 jam
1336 1647 1436 1732 parta
1445 1635 1585 1711 fortuna
1596 1640 1706 1732 pristi-

506 1760 634 1811 norum
656 1735 847 1808 studiorum
862 1739 1084 1830 voluptatem
1105 1755 1281 1806 revocare.
1322 1732 1558 1826 inpraesentia
1586 1738 1706 1830 itaque

504 1831 559 1905 lic
577 1836 664 1904 milti
684 1835 807 1903 videor
822 1829 1011 1904 consultior
1035 1828 1213 1908 sassures.
1237 1851 1276 1902 ut
1294 1829 1531 1904 conditionem
1554 1831 1706 1925 aliquam

512 1931 617 2000 talem
644 1949 817 2019 queram,
842 1949 947 2021 quarn
971 1923 1008 2000 δι
1036 1925 1170 1999 facilius
1193 1924 1354 2000 sustinete
1380 1941 1525 2020 queam,
1549 1923 1587 1998 δι
1611 1927 1705 2016 uqde

512 2045 725 2118 proventum
746 2021 938 2098 uberiorem
958 2025 1066 2118 paulo
1082 2020 1237 2118 sperem:
1265 2043 1462 2116 quanquam
1482 2042 1563 2096 ante
1577 2045 1707 2096 anuum

512 2141 585 2189 non
605 2117 705 2188 statui
723 2119 918 2212 relinquere
934 2119 1077 2190 ltaliam.
1116 2115 1247 2207 Zosrum
1269 2119 1358 2190 veru
1378 2137 1490 2190 meum
1507 2119 1615 2212 cupio
1632 2122 1709 2194 diu·
1765 2202 1768 2208 ¹

513 2215 632 2285 uilstme
656 2211 799 2297 florete,
824 2234 927 2309 atque
952 2213 1126 2308 eousque,
1152 2217 1264 2284 donec
1291 2213 1455 2286 idoneum
1484 2209 1707 2288 successorem
1740 2271 1742 2274 -

514 2313 677 2404 reperiat.
703 2309 814 2402 Quod
834 2333 901 2404 ego
916 2309 992 2384 ferd
1010 2308 1161 2380 futurum
1176 2305 1353 2395 existimo,
1378 2307 1403 2380 st
1428 2311 1505 2402 quis
1526 2333 1645 2382 omues
1659 2313 1711 2382 in·

515 2409 612 2502 genii
638 2407 690 2479 tui
714 2409 815 2476 dotes
835 2407 922 2477 velit
947 2407 1189 2500 perpendere,
1215 2425 1317 2496 quam
1343 2403 1518 2499 profunda
1542 2407 1712 2482 videlieet

516 2525 578 2574 tua
594 2499 634 2572 lit
663 2501 697 2572 in
713 2521 862 2594 utroque
881 2499 961 2593 Jure
977 2501 1123 2595 peritia,
1149 2521 1279 2592 quanta
1296 2501 1332 2572 iu
1354 2501 1514 2573 docendo
1529 2504 1659 2594 gratia,
1674 2505 1712 2574 in

518 2595 735 2670 consulendo
752 2595 961 2679 dexteritas,
986 2615 1090 2689 atque
1106 2596 1318 2682 authoritas,
1342 2597 1378 2666 in
1402 2593 1492 2690 stylo
1510 2597 1710 2690 integritas,

521 2696 560 2765 in
577 2695 734 2765 oratioue
748 2685 929 2772 femedir,
954 2693 990 2762 in
1006 2691 1161 2764 sermone
1178 2687 1410 2776 familiaritas,
1436 2691 1634 2785 puritasque
1652 2693 1713 2766 de·

518 2789 625 2882 nique
636 2789 672 2858 in
682 2785 843 2858 omnibus
855 2789 996 2881 optimis
1013 2784 1223 2879 disciplinis,
1236 2811 1338 2881 quarn
1352 2806 1421 2858 non
1437 2789 1590 2886 vulgaris
1606 2787 1720 2862 scien·
1786 2837 1790 2844 -

520 2887 580 2957 tia.
607 2885 673 2977 Me
686 2904 802 2956 autem
820 2883 922 2977 hujus
937 2884 1025 2954 tanti
1043 2881 1204 2954 beneficii
1229 2881 1345 2976 quoad
1367 2885 1485 2956 vivam
1509 2909 1617 2956 none
1666 2888 1716 2961 iet

518 2981 672 3056 oblivio:
699 3000 897 3073 quanquam
913 2981 1006 3048 enim
1025 2999 1122 3052 tanto
1140 2981 1271 3050 muneri
1290 2981 1438 3070 impares
1460 2981 1621 3054 humeros
1652 2983 1715 3055 ub·

520 3079 658 3148 mittere
673 3097 812 3156 uerear,
839 3071 1023 3146 meminisse
1043 3094 1155 3145 tamen
1174 3093 1276 3166 atque
1300 3077 1401 3146 etiarn
1426 3077 1567 3168 gloriari
1584 3077 1718 3172 eritju·
1752 3074 1756 3082 '

502 3172 693 3257 ‚cundum
705 3191 759 3239 me
771 3170 961 3262 aliquando
971 3165 1033 3263 ips
1047 3166 1137 3261 Zafio
1148 3170 1290 3264 dignum
1300 3167 1474 3254 visum,in
1485 3171 1583 3266 cujus
1598 3174 1715 3246 locunt

521 3265 743 3340 succederem
781 3261 876 3357 Quae
893 3265 1055 3337 desuda
1074 3261 1308 3336 controversia
1342 3263 1458 3360 scripsi
1485 3268 1622 3364 gaudeo
1651 3271 1715 3342 tibi

522 3369 596 3436 nori
606 3359 823 3455 displicuisse.
848 3358 1057 3453 judicioque
1072 3381 1135 3432 tuo
1146 3358 1293 3433 confisus
1305 3365 1434 3453 majora
1450 3363 1552 3436 etiam
1566 3364 1724 3440 audebo'

524 3457 582 3530 Ut
596 3459 693 3529 edam
710 3458 864 3528 nondum
878 3456 1069 3529 estanimus
1081 3480 1089 3526 :
1099 3459 1197 3528 edam
1208 3479 1320 3528 tamen
1333 3457 1520 3550 aliquando
1530 3479 1568 3530 ut
1580 3458 1726 3556 scripsi?

524 3553 582 3628 sed
599 3573 677 3624 cunt
691 3555 778 3626 aliia
794 3550 872 3625 Scis
889 3554 979 3624 enim
997 3553 1142 3622 multum
1156 3549 1578 3646 referrequibuspraemiia
1591 3553 1719 3632 sanaem

524 3653 561 3722 in
583 3645 704 3720 studiis
721 3647 956 3742 auspicemur:
984 3649 1020 3720 ἃ
1038 3650 1133 3720 edita
1151 3670 1230 3718 curn
1258 3647 1333 3718 aliis
1354 3645 1521 3722 sententia
1541 3649 1656 3725 nostra
1674 3654 1719 3724 ab

524 3747 595 3819 illin‘
607 3742 730 3836 fidem,
753 3745 1071 3836 authoritatemque
1096 3743 1331 3825 mutuabitur,
1356 3745 1567 3840 veritatique
1589 3753 1718 3843 magis,

526 3843 631 3936 quim
646 3837 820 3911 assessioni
835 3839 936 3912 inniti
951 3836 1137 3912 videbitur.
1166 3837 1406 3932 Quamobrem
1415 3843 1522 3912 velim
1535 3861 1573 3911 ut
1588 3842 1723 3940 suppra

526 3936 751 4015 masadam,
774 3933 955 4032 quousque
970 3935 1036 4005 alia
1059 3957 1137 4028 quae
1156 3936 1194 4006 in
1217 3935 1373 4010 manibus
1398 3937 1511 4009 habeo
1528 3937 1719 4016 absolvero.

527 4033 645 4106 Tuam
660 4055 748 4104 vero
761 4051 899 4106 aetatem
917 4031 1083 4124 deinceps
1107 4033 1211 4126 cupio
1232 4031 1275 4102 ab
1295 4031 1420 4103 talibus
1442 4036 1723 4110 contentionibus

527 4126 726 4226 quiescere,
752 4127 1090 4219 tranquilitatemque
1117 4126 1222 4198 animi
1243 4149 1322 4198 curn
1340 4129 1578 4202 incolumitate
1596 4155 1658 4207 cor
1686 4159 1724 4206 o·

488 4277 493 4284 -
529 4230 577 4299 rie
595 4225 690 4314 omni
711 4223 946 4297 studiorum.
989 4221 1086 4294 Bene
1107 4223 1184 4292 vale
1204 4221 1411 4319 ›Praeceptor
1429 4227 1615 4302 clarissime.
1660 4158 1726 4304 lix

528 4323 674 4396 Patavio
700 4318 989 4415 7.·Septembris.
1014 4339 1066 4392 an
1096 4336 1200 4408 1532.
1271 4347 1290 4364 -’
