3967 5167
366 546 638 651 consnn
670 544 861 693 nnov.
896 546 1292 650 Hominum.
1381 586 1429 655 tt

88 812 89 827 ,
237 742 346 831 henr,
378 744 582 819 Wldrlnruru
599 740 754 840 Regem,
786 740 831 816 de
858 764 931 841 quo
955 741 1078 839 supra,
1111 750 1278 845 palatium
1299 748 1431 849 regium

88 845 89 908 l
236 839 355 938 Hagae
372 840 596 927 exstruxiffm
619 840 733 915 addit:
758 843 873 932 inquo
897 856 955 933 pru
982 844 1153 935 majoribus
1177 845 1277 940 confir
1300 850 1431 943 lmprrr'r'

232 954 291 1032 pro
307 938 603 1027 tribunalisedrbot.
652 934 750 1010 Effet
767 936 863 1030 quod
882 959 1016 1011 mecum
1034 958 1253 1033 reputarem,
1280 942 1430 1019 stVelde·

87 1044 88 1113 1
232 1036 344 1105 narius
363 1030 517 1121 dixiffet,
541 1056 620 1106 eum
661 1057 702 1109 ro
718 1036 888 1127 majoribus
902 1030 1002 1124 couſsr
1020 1032 1195 1109 Hullundlu
1212 1037 1369 1115 Zelandr'ae
1386 1038 1429 1124 Β
1471 1060 1479 1076 ·
1621 1072 1632 1109 s

231 1126 343 1221 Fnsrae
360 1148 416 1223 pro
444 1131 593 1202 tribunali
635 1128 749 1227 edrffi:
783 1132 944 1224 quumvis
966 1150 1010 1202 ue
1037 1130 1117 1204 inde
1143 1132 1282 1226 quidem
1308 1138 1428 1209 conse·

231 1248 347 1321 quens
367 1224 469 1314 effer,
495 1224 687 1301 Confilium
712 1225 927 1322 provinciale
944 1227 989 1300 ub
1007 1248 1051 1299 eo
1066 1226 1103 1299 in
1124 1228 1255 1321 palatio
1278 1232 1341 1303 illo
1365 1232 1426 1307 suo

230 1319 301 1397 effe
328 1318 533 1397 institutum.
583 1321 703 1419 Hujm
726 1322 897 1397 Chroniei
920 1321 1030 1398 verba
1054 1324 1256 1418 accipienda
1279 1324 1358 1402 sunt
1382 1330 1426 1404 de

86 1407 94 1432 ²
228 1416 398 1512 Principe
415 1441 485 1514 pro
501 1418 666 1493 tribunali
684 1417 824 1492 sedente
841 1439 920 1491 cum
938 1414 1153 1492 Confiliuriis
1168 1421 1269 1495 lateri
1285 1420 1347 1496 suo
1367 1428 1427 1498 ad·

227 1512 465 1598 haereutibus,
488 1513 526 1590 dt
544 1537 616 1589 uon
631 1513 693 1589 nist
708 1538 771 1609 per
788 1516 860 1589 vim
887 1514 1101 1609 imaginandi
1120 1514 1266 1615 intelligi
1284 1518 1425 1614 poliunt

227 1612 276 1687 de
302 1610 467 1723 tribunali
488 1608 654 1705 Justitiae,
679 1632 740 1687 aut
761 1614 806 1685 de
834 1608 990 1685 Consilio
1015 1610 1224 1707 provinciali
1252 1616 1352 1710 quale
1371 1615 1426 1691 su·

226 1704 593 1879 pthdeuhcrtlfphffidm
607 1800 827 1879 Provinciale
841 1802 1049 1879 hodiernum
1068 1802 1144 1899 ipso
1164 1804 1226 1879 illo
1241 1807 1277 1879 in
1291 1807 1423 1904 palutio

224 1894 342 1977 sedem
359 1901 465 1975 habet
485 1922 529 1975 ac
554 1900 718 1974 tribunal.
769 1898 869 1989 Quid
891 1920 964 1974 tum
988 1896 1139 1995 postea?
1165 1902 1222 1975 An
1243 1904 1280 1976 id
1299 1926 1426 1999 praeter

225 1994 534 2082 cousuetudinem,
558 2016 690 2091 praeter
704 1994 1032 2069 solitum‘lGallium
1046 2018 1160 2071 mente
1174 2018 1259 2091 pera
1286 2022 1340 2090 ra,
1364 2024 1425 2077 oc·

226 2112 347 2167 curres
370 2091 706 2187 Gratianopolituno
734 2088 976 2178 Parlumeuto,
1002 2094 1097 2185 quod
1125 2091 1240 2165 sedem
1259 2020 1363 2169 hebet
1377 2121 1423 2175 rac

225 2186 381 2263 tribunal
396 2188 434 2261 iu
452 2184 524 2261 Del
551 2188 625 2260 hini
641 2187 773 2283 palatio
784 2185 1228 2354 (Puluis-Dauplinz'quod
1244 2190 1280 2261 in
1296 2192 1354 2265 illu
1372 2190 1423 2267 est

228 2284 378 2361 civitate
394 2307 408 2374 3
426 2305 491 2379 'qu
540 2308 609 2380 que
641 2283 868 2357 incoluerunt
894 2280 1064 2378 Delphini
1126 2283 1303 2361 ienneusee
1332 2308 1421 2362 unus

226 2380 308 2477 post
324 2382 454 2469 alium,
476 2380 540 2455 ubi
557 2402 623 2476 pro
638 2379 804 2454 tribunali
821 2377 985 2455 sederunt
1006 2378 1043 2453 dr
1055 2383 1110 2474 ius
1129 2380 1290 2455 dixerunt
1307 2380 1422 2457 subdi·

228 2476 277 2551 tiu
294 2476 361 2551 suis
403 2477 457 2550 lue
476 2475 737 2572 vicelimplici.
789 2474 838 2547 Et
853 2496 967 2549 tumen
983 2474 1114 2549 dietum
1133 2474 1205 2572 jam
1225 2476 1420 2554 Parlamen·

83 2591 85 2612 .
227 2592 305 2649 tum
329 2574 366 2645 iu
399 2574 583 2648 'tutionem
609 2571 705 2647 suam
731 2594 914 2667 acceptam
935 2569 1004 2644 fert
1026 2574 1137 2645 Curulu
1153 2570 1235 2645 VII.
1261 2572 1416 2651 Franco·

226 2690 305 2743 rum
330 2668 426 2765 Regi
443 2692 500 2743 an.
526 2689 631 2763 1435.
662 2664 916 2742 parlamentum
937 2665 1156 2756 Provinciae,
1192 2672 1290 2765 quod
1311 2670 1423 2768 Aquis

83 2809 84 2818 ÷
227 2764 359 2838 Sextiis
388 2785 643 2866 congregatur,
677 2763 840 2838 sedet‹‘in
865 2765 1015 2861 palatio,
1049 2766 1223 2859 hodieque
1245 2770 1422 2862 appellato

83 2929 84 2952 2
226 2856 338 2956 Regis
362 2861 492 2935 Renotr'.
532 2865 547 2949 (
559 2860 631 2957 21)
666 2856 906 2934 Nihilominus
934 2856 1090 2955 agnoscit
1122 2860 1296 2935 audlorem
1323 2864 1420 2937 suum

83 2963 84 2998 ³
229 2954 298 3033 elle
318 2956 512 3030 Ludooicum
535 2955 616 3032 XII.
640 2978 696 3031 uu.
725 2977 828 3045 1501.
853 2956 951 3029 Idem
969 2953 1020 3027 est
1033 2957 1078 3029 de
1097 2957 1232 3051 palatiis
1253 2958 1421 3054 Burgida·

83 3081 84 3086 ¹
225 3050 333 3141 leufi,
357 3050 585 3138 Tholosanu,
611 3054 649 3130 δι
671 3048 869 3140 Parifienn,
894 3053 1122 3147 antiquorum¹
1146 3050 1284 3149 Regum
1311 3055 1422 3130 domi·

82 3137 86 3192 ss
224 3149 336 3225 ciliis:
361 3170 441 3244 quae
456 3145 674 3226 Parumenta
689 3148 860 3245 epocham
878 3166 1007 3223 tertam
1028 3146 1175 3233 habent,
1197 3169 1304 3244 ¹quarn
1319 3150 1421 3249 ruini*

225 3266 283 3318 me
302 3266 440 3342 negant.
466 3244 536 3339 (22
1088 3276 1092 3287 ¹

275 3340 414 3415 Lubeat
428 3346 498 3437 jam
515 3245 564 3415 ad
575 3340 761 3416 viciniores
777 3338 967 3415 Hollandis
987 3338 1169 3435 regiones,
1195 3338 1318 3435 easque
1337 3338 1417 3414 Bel·

251 3437 344 3522 'cas,
368 3438 506 3511 oculum
530 3437 690 3531 dirigere.
740 3436 830 3511 Cum
851 3440 906 3509 hae
922 3432 1118 3509 Provinciae
1140 3434 1282 3509 diverfis
1305 3441 1419 3513 adhue

256 3534 448 3632 riucipibus
462 3554 624 3632 parerent
632 3582 645 3622 ,
670 3556 742 3610 uon
757 3557 827 3608 una
840 3530 908 3609 fuit
924 3532 1056 3627 ubique
1072 3530 1240 3607 &eadem
1255 3532 1313 3608 seu
1328 3536 1419 3705 resipli

223 3776 389 3847 vloedich
416 3758 507 3864 rych
537 3790 647 3857 wert,
677 3776 767 3848 ende
792 3792 895 3865 groot
922 3787 990 3847 van
1014 3777 1131 3845 Schat.
1174 3776 1326 3863 Clrunyrlr
1350 3797 1419 3847 van

227 3861 395 3937 Vetdenuer
408 3879 484 3946 pag.
529 3876 560 3941 3.
581 3862 654 3930 edit.
675 3884 727 3928 an.
754 3868 848 3945 1650.
866 3870 899 3929 in
918 3881 952 3947 4.
992 3862 1155 3945 Similiter
1175 3859 1351 3929 Chronica
1372 3864 1418 3931 de

223 3946 373 4044 Hollaut
392 3944 484 4033 up'ud
505 3882 772 4043 hhlutthaeum
794 3946 950 4013 Aualest.
974 3960 1063 4017 tom„
1082 3964 1115 4025 5.
1136 3962 1214 4040 pag.
1234 3963 1309 4043 54¹:
1331 3944 1366 4014 in
1383 3966 1416 4030 4.

224 4068 252 4109 .‚
267 4030 368 4097 Fecit
385 4028 536 4098 construi
556 4045 591 4095 tn
611 4028 707 4113 Hugo
728 4028 855 4096 Comitis
867 4046 1036 4114 magnum,
1048 4029 1227 4112 palatium,
1250 4030 1309 4099 ubt
1322 4028 1417 4097 sede·

224 4152 252 4193 „
269 4132 308 4181 re
325 4114 437 4181 voluit
451 4113 609 4199 judicans
629 4112 674 4179 de
692 4111 765 4179 allis
784 4110 880 4197 Regni
899 4112 1058 4199 negotiis.
1075 4120 1099 4155 ‘⁶

90 4197 95 4203 “
251 4197 354 4347 dm)
375 4196 471 4265 Rene
493 4195 643 4281 d'llujou
666 4194 732 4263 Roi
755 4196 799 4265 de
820 4194 970 4283 Naples,
988 4194 1122 4265 ¹Comte
1146 4192 1191 4263 de
1215 4194 1417 4285 provence,¹

226 4298 251 4368 q
308 4293 449 4349 mourut
464 4280 549 4347 drnu
566 4280 731 4364 ce'paluis
751 4297 794 4348 en
813 4284 909 4365 1480.
1125 4284 1129 4291 '
1232 4280 1235 4289 '

266 4359 352 4449 (22)
370 4364 417 4431 V.
429 4363 586 4518 Pdgrssier
601 4362 749 4437 Recher.
763 4365 809 4435 de
823 4366 858 4437 lu
871 4364 1005 4437 Frmce
1016 4362 1133 4465 Lim.
1150 4362 1306 4463 ΟΜΝ.
1326 4360 1417 4470 Did.

83 4487 84 4494 κ
224 4444 270 4520 de
290 4446 461 4518 Trevoux
541 4496 551 4519 .

853 4530 932 4609 Bt
