3967 5167
344 502 539 605 uersu.
565 488 878 638 'sennenn
906 532 973 602 m
1001 508 1334 617 nlvunson
1390 548 1450 643 47

280 700 298 845 s
405 692 1275 843 uersronnxvirr.
1478 760 1614 826 nm

1478 860 1527 899 mo
1544 841 1587 903 11.

306 946 1390 1073 ennuntoenuu1uuuno()‚
1477 916 1605 983 f⁰¹·⁶⁶·

104 1162 106 1249 Ϊ
253 1176 418 1267 Gaudet
434 1181 483 1265 de
497 1176 673 1287 restituta
694 1178 852 1269 Claudii
867 1179 1107 1268 valetudine.
1136 1182 1325 1272 Arctatus
1341 1181 1453 1277 haud
1501 1169 1609 1291 Lite

271 1314 277 1325 ·
301 1290 507 1407 aegrefhr'r
525 1294 632 1407 quod
653 1298 688 1379 is
710 1287 807 1379 alibi
837 1294 1003 1380 doctoris
1025 1296 1210 1380 lauream
1236 1307 1447 1411 acceperit.

303 1400 453 1495 Scribit
463 1402 512 1516 se
526 1402 713 1517 profiteri
729 1402 1016 1493 Institutioues
1034 1406 1231 1513 Patauii,
1260 1438 1308 1494 nc
1329 1410 1448 1500 Caro·

302 1514 388 1604 lum
408 1516 649 1631 Sucquetum
671 1514 806 1631 obiiffe.
865 1516 1101 1634 Interrogat
1120 1520 1171 1607 de
1197 1520 1449 1611 Melanchto·

266 1656 351 1713 -ne
387 1634 496 1715 circu
531 1647 687 1741 tempus
717 1629 884 1737 restituti
908 1635 1024 1739 juris
1062 1631 1216 1722 Civilis.
1273 1633 1448 1723 Excitat
1504 1658 1508 1677 ·

301 1738 518 1830 Claudium
543 1745 599 1829 ad
612 1738 932 1855 persequendum
956 1751 1213 1858 antiquitatis
1219 1742 1417 1858 studium.

307 1968 372 2044 Tsr
386 1971 502 2047 literas
516 1990 596 2045 tuas
616 1968 817 2065 gratissimae
842 1968 979 2063 semper
999 1969 1205 2057 habuerim,
1230 1970 1346 2045 Cluuii
1365 1972 1446 2047 cha·

337 2068 477 2157 rilitme,
502 2088 705 2141 nontamen
729 2066 817 2141 adeo
839 2066 892 2138 fui
912 2068 1144 2155 inhumanus,
1167 2086 1207 2139 ut
1226 2088 1301 2162 tum
1324 2093 1381 2143 eas
1396 2068 1446 2139 ei·

188 2238 189 2243 ,
242 2159 454 2257 flagitarem,
467 2162 546 2237 ciem
562 2184 597 2237 te
620 2162 816 2257 periculoso
831 2164 957 2235 morbo
973 2164 1179 2258 impeditum
1197 2164 1446 2259 intelligerem,

242 2258 280 2333 &
296 2279 380 2333 vota
396 2261 516 2355 potius
533 2282 599 2355 pro
619 2281 679 2332 tua
694 2256 893 2331 valetudine
910 2258 1071 2332 facerem.
1121 2256 1254 2355 Neque
1272 2262 1364 2335 enim
1381 2282 1447 2333 nor

109 2416 117 2428 t
239 2356 299 2427 hic
323 2356 425 2428 latuit
435 2354 548 2451 Spirae
564 2376 600 2429 te
620 2354 848 2441 decumbere3
874 2377 914 2427 ac
931 2372 1028 2430 tuam
1048 2356 1163 2427 vicem
1185 2357 1338 2449 graviter
1355 2354 1447 2429 fere·

236 2450 385 2537 bamus,
409 2474 521 2545 eoque
537 2470 632 2523 nunc
650 2448 753 2522 nobis
776 2448 843 2521 fuit
860 2449 1073 2543 jucundius,
1098 2470 1144 2519 ex
1166 2451 1280 2522 literis
1301 2452 1369 2521 tuis
1393 2472 1447 2524 re·

148 2564 185 2623 ·“,
235 2546 396 2618 stitutum
416 2564 451 2620 te
472 2546 677 2639 intelligere.
737 2542 852 2638 Spero
875 2565 989 2617 autem
1014 2563 1049 2615 te
1080 2544 1249 2638 deinceps
1279 2542 1445 2620 salubrio-

233 2638 311 2715 rem
335 2636 536 2727 lore2ci1m
561 2639 698 2713 Italicas
732 2640 853 2735 epulas
882 2641 952 2713 hoc
976 2636 1101 2711 morbo
1125 2638 1323 2713 concoxiss'e
1347 2660 1446 2714 autu·

234 2759 351 2823 mem,
370 2759 449 2831 quae
460 2737 558 2832 prius
577 2735 791 2807 stomachum
809 2754 906 2809 tuum
920 2735 1064 2806 nimium
1085 2734 1288 2831 gravabant
1314 2734 1444 2833 Scripsi

235 2854 351 2927 nuper
368 2834 411 2904 ad
426 2841 462 2905 t‘e
487 2854 600 2926 pauca
624 2852 690 2926 per
710 2830 884 2902 Conradnm
909 2830 1157 2903 Heresbrebium
1180 2834 1198 2920 (
1208 2830 1258 2927 n)
1283 2852 1390 2925 atque
1412 2835 1445 2906 ir

232 2929 316 3003 cum
339 2946 518 3022 parentem
544 2948 642 2999 tuum
664 2924 756 2999 nolle
780 2946 951 3021 cuperet,
977 2928 1138 2999 amicitiae
1161 2928 1287 3000 nostrae
1310 2926 1443 3003 fiducia

232 3022 334 3099 ausus
356 3020 428 3095 sum
491 3046 528 3097 er
559 3024 677 3095 literas
710 3022 808 3094 illum
834 3024 867 3093 ei
891 3023 1145 3097 commendare.
1195 3022 1284 3097 Hoc
1307 3022 1440 3098 salium

231 3142 349 3197 meum
361 3046 496 3193 cuml't
517 3115 596 3191 satis
613 3118 820 3211 impudens,
843 3120 972 3207 velim,
995 3117 1043 3188 mi
1065 3118 1176 3189 Claudi
1188 3172 1199 3207 ,
1223 3136 1265 3191 ut
1285 3137 1323 3191 tu
1340 3121 1438 3214 apud

228 3237 410 3311 parentem
446 3212 597 3291 excuses.
656 3212 868 3307 Quanquam
897 3238 966 3307 ego
998 3214 1171 3287 nihildum
1210 3215 1366 3287 intellexi
1389 3240 1435 3289 an

227 3315 288 3386 ille
305 3310 472 3406 Augnstae
496 3308 614 3383 fuerit.
664 3308 724 3383 De
745 3329 779 3381 te
801 3307 881 3380 cium
909 3330 1021 3402 nuper
1037 3311 1081 3380 ad
1098 3311 1261 3381 Alciutum
1288 3306 1437 3404 scripfis·

229 3408 324 3491 sent,
348 3406 426 3478 haec
451 3407 510 3477 ille
537 3405 744 3503 respoudit:
771 3404 868 3572 geori
902 3404 1049 3475 craterus
1074 3404 1282 3497 Pertiugerus
1308 3426 1329 3474 n
1356 3408 1432 3479 Crto
1463 3432 1609 3495 *mern

229 3508 262 3574 in
277 3512 366 3595 rgnia
387 3499 593 3595 susceperit,
630 3504 705 3573 milri
736 3506 855 3597 quiem
892 3522 951 3571 nun
990 3502 1093 3570 mirus
1118 3502 1295 3595 jucundum
1320 3501 1340 3543 '
1363 3500 1431 3596 esi,
1461 3509 1541 3583 fere,
1556 3528 1589 3574 ur

230 3620 325 3693 quam
341 3594 375 3691 fl
398 3598 434 3669 dr
458 3620 525 3667 mre
548 3620 653 3670 mann.
704 3598 772 3671 Scir
796 3599 877 3669 enim
902 3598 978 3667 milri
1002 3598 1154 3686 cumipse
1180 3596 1255 3668 Cato
1279 3619 1338 3667 nor
1360 3599 1430 3669 vul·
1460 3586 1543 3683 ‘stin

225 3717 338 3791 garam
362 3688 421 3787 effe
444 3694 624 3765 amicitiam.
674 3692 732 3767 De
749 3692 811 3769 illo
827 3692 899 3766 huc
912 3689 1121 3767 accersendo
1137 3692 1255 3789 prope
1272 3690 1432 3768 conscita
1460 3665 1599 3805 {fjssff
1608 3727 1613 3737 ¹

1373 3812 1429 3865 ¹⁶⁵
1454 3820 1517 3898 fre.

271 3967 335 4055 (Ι)
360 3964 488 4062 “irie
519 3962 721 4115 peterere)
749 3967 782 4031 ¹⁸
806 3979 880 4063 eret
901 3961 1143 4065 ennianum
1173 3963 1328 4045 curm,
1350 3968 1432 4052 (m

228 4056 452 4137 Imperatorrs
468 4048 683 4117 Mnxrmrlmm
718 4048 964 4119 .Constltartns
985 4047 1074 4130 furt)
1097 4047 1205 4127 filrus3
1227 4066 1317 4115 anno
1335 4070 1347 4115 1
1377 4070 1450 4132 33,·

160 4190 162 4197 .
203 4135 390 4221 Augustae
407 4135 440 4197 in
457 4132 679 4232 ¹ordinarium
697 4148 966 4218 procuratorum
986 4132 1102 4197 album
1127 4130 1316 4216 adscriptus
1379 4136 1430 4218 it,

229 4236 269 4285 ut
285 4218 402 4303 prodit
420 4214 540 4363 Υιέὶμπ
560 4232 644 4283 tom.
667 4234 697 4283 n.
718 4237 752 4301 p.
775 4234 851 4300 209.
952 4298 958 4310 Ι
1003 4298 1009 4310 ἱ
1182 4300 1188 4311 .
1294 4300 1299 4311 ι

272 4304 331 4385 (2)
355 4302 454 4367 Contu
478 4320 527 4362 um
555 4298 1070 4384 HeresbacmumJC0nfi11ar1um
1098 4298 1207 4366 Ducts
1245 4298 1431 4380 euvenus,

228 4386 273 4461 de
294 4402 360 4475 qun
380 4382 512 4451 diversa
532 4383 646 4453 videri
665 4384 802 4471 poliunt
829 4386 865 4456 iu
883 4381 1006 4469 Erasmr·
1023 4380 1183 4469 epistolia.
