3967 5167
536 484 616 571 ιρι
646 449 890 555 VIGLII
917 474 985 541 na
1014 450 1276 544 AYTTA
1301 451 1673 546 ZUICHEMI

534 673 603 745 que
619 649 783 723 authores
799 645 924 719 latinos
943 663 1088 739 propter
1103 640 1138 715 se
1161 644 1253 715 emi-l
1274 642 1395 716 ‘Crede
1416 644 1523 727 mihi,
1548 668 1619 720 non
1636 672 1734 743 qnae·

535 764 660 817 runmr
679 766 704 815 a
721 739 843 815 nostris
867 736 1138 832 Jureconsultis,
1163 736 1385 810 fiBartlolam
1407 761 1468 811 aut
1493 740 1625 813 Balaam
1641 767 1737 819 eme·

492 878 495 883 ,
538 841 736 922 revolant,
761 838 927 909 liminaria
938 836 998 905 illa
1015 835 1210 926 praeconia,
1230 834 1339 905 modo
1359 831 1395 905 δι
1410 837 1583 929 eleganter
1596 840 1738 932 impres·

538 933 582 1017 st,
609 936 683 1008 &a
701 932 831 1005 mendis
856 930 1104 1024 allegationum
1123 930 1299 1022 repurgati
1317 926 1390 999 lint.
1440 930 1573 1001 Gallici
1594 932 1672 1009 sane
1693 959 1738 1009 ac

539 1030 652 1101 ltalici
663 1025 879 1123 typographi
893 1022 1098 1116 potiffimum
1115 1025 1281 1115 quaestum
1299 1044 1342 1095 ex
1360 1021 1457 1097 libris
1468 1024 1566 1114 Jutis
1581 1026 1737 1117 faciunt,

541 1146 645 1216 quent
669 1127 854 1195 miroruos
870 1120 942 1191 illic
965 1140 1035 1189 non
1055 1118 1205 1189 odorari.
1256 1116 1328 1189 Sed
1347 1118 1440 1193 forte
1467 1122 1642 1195 deterrent
1668 1148 1737 1201 vos

509 1216 705 1311 ¹impensae
735 1234 879 1311 propter
898 1236 1027 1305 magna
1058 1214 1235 1283 volumina
1263 1212 1379 1302 luris:
1415 1236 1451 1285 at
1481 1215 1601 1287 eadem
1639 1219 1736 1313 apud

539 1314 692 1395 Gallos,
717 1308 890 1404 italosque
908 1312 998 1380 ratio
1015 1302 1077 1380 est.
1109 1302 1191 1378 Nec
1206 1307 1327 1379 dubito
1345 1306 1370 1378 si
1386 1330 1450 1380 vos
1468 1312 1679 1402 elegantiore
1696 1316 1739 1387 li·

543 1430 618 1481 tera
642 1408 732 1498 Juris
756 1403 879 1477 Civilis
907 1404 1016 1475 libros
1037 1398 1291 1493 impedientis,
1317 1403 1403 1497 quin
1423 1405 1529 1496 magis
1551 1402 1618 1477 stnt
1636 1430 1741 1481 vena·

543 1500 742 1581 iesimon,
768 1498 871 1593 quim
897 1495 1060 1579 Gallici,
1084 1497 1144 1589 qui
1169 1493 1248 1567 satis
1269 1518 1409 1591 quoque
1428 1497 1510 1569 catti
1534 1522 1741 1596 comparan-

545 1619 613 1670 tur.
660 1592 735 1667 Sed
752 1617 859 1665 unum
883 1612 996 1665 tamen
1015 1590 1161 1662 maxime
1183 1589 1289 1662 libros
1308 1590 1403 1681 Jutis
1418 1597 1652 1681 commendat,
1677 1598 1742 1671 sci·

547 1695 632 1765 licet
650 1689 744 1783 quod
763 1690 799 1759 in
816 1685 1077 1781 allegationibus
1094 1686 1233 1777 legum,
1249 1686 1391 1781 nequid
1420 1684 1573 1774 emetur,
1593 1689 1654 1762 dili
1679 1716 1742 1767 ens

549 1784 754 1869 adhibeatur
777 1804 871 1854 cura.
922 1778 1160 1875 Quamobrem
1176 1801 1267 1871 pene
1284 1802 1373 1874 opus
1388 1776 1471 1867 ,ell'et
1485 1786 1632 1876 proprio
1710 1812 1743 1859 r·

548 1876 706 1961 rectore,
744 1899 815 1949 non
839 1878 980 1950 omnino
1004 1874 1081 1947 rudi
1107 1872 1203 1964 Juris
1228 1872 1363 1947 Civilis.
1422 1870 1532 1969 Quod
1559 1876 1584 1949 st
1610 1880 1675 1953 tibi
1694 1884 1743 1956 est

550 1977 682 2045 animus
705 1976 774 2045 hoc
798 1970 1016 2066 propofitum
1034 1967 1211 2063 persequi,
1237 1966 1344 2041 habes
1369 1969 1413 2040 ad
1443 1994 1579 2044 manum
1598 1974 1743 2049 doslisst·

549 2090 644 2141 mum
661 2069 774 2139 virum
800 2070 844 2140 D.
867 2064 1064 2161 Bonifatium
1089 2065 1348 2143 Amerlaclsiam,
1373 2064 1433 2158 qui
1449 2068 1570 2139 melius
1589 2068 1744 2145 consule·

552 2188 591 2237 re
613 2186 652 2253 ea
670 2166 706 2234 in
726 2186 784 2247 re,
808 2184 848 2234 ac
863 2162 962 2233 unde·
980 2160 1045 2231 tibi
1060 2158 1295 2252 incipiendum
1320 2156 1381 2240 lit,
1405 2159 1584 2235 ostendere
1601 2168 1749 2258 poterit.

552 2258 635 2352 Ego
658 2257 838 2330 credidero
862 2278 933 2327 non
956 2251 1155 2327 damnosum
1175 2252 1239 2323 tibi
1263 2250 1338 2325 sore
1359 2259 1531 2341 Amnem,
1579 2282 1656 2331 uem
1681 2282 1745 2333 no·

448 2336 463 2363 ’“
554 2352 614 2423 stri
631 2355 806 2424 lucernam
822 2348 913 2443 Juris
933 2369 1081 2432 vocant,
1108 2347 1144 2419 δι
1168 2348 1231 2440 qui
1252 2371 1272 2419 a
1295 2350 1412 2443 pueris
1436 2281 1630 2445 senibusque
1655 2356 1743 2449 legi-

555 2469 613 2519 tur
632 2471 673 2519 ae
696 2448 871 2539 relegitur.
922 2442 971 2516 Et
986 2442 1215 2513 'emendatum
1240 2444 1416 2536 exemplar
1438 2440 1539 2518 sacile
1559 2445 1623 2521 tibi
1647 2470 1745 2521 com·

555 2542 712 2615 modabit
736 2563 795 2613 aut
820 2536 1067 2611 demonstrabit
1088 2539 1180 2610 idem
1204 2540 1441 2612 Amatlaaliut.
1490 2537 1593 2615 Vale.
1632 2540 1748 2639 Spita

562 2658 618 2730 ¹7·
645 2634 860 2709 Novembris
884 2656 974 2705 anno
1002 2650 1104 2724 1535.
1739 2674 1744 2681 -

730 2848 1237 2950 uersaoua
1315 2858 1641 2955 uxr-x..
1725 2972 1733 2983 ,

677 3090 1094 3187 annana
1161 3090 1627 3190 ΑιοιΑτο.

513 3436 522 3455 ⁶
567 3336 770 3453 Deplorat
800 3332 1099 3423 Germanorum
1126 3339 1165 3418 ia
1193 3362 1297 3420 aava
1328 3336 1508 3450 dogmata
1533 3361 1610 3453 pro
1638 3342 1755 3450 easta

621 3478 725 3537 atem.
755 3444 1200 3647 Amplgfimasaslciato
1226 3446 1362 3531 laudes
1372 3447 1534 3592 scribit,
1640 3458 1699 3540 ad

679 3560 848 3647 edendas
908 3556 1175 3645 ucubrattones
1193 3553 1635 3671 qaazsaamasttmala.

530 3824 532 3827 -
566 3778 571 3867 ζ
625 3779 719 3897 AEpe
735 3776 778 3851 ad
796 3798 831 3849 te
845 3778 943 3852 volui
966 3774 1136 3861 scribere,
1159 3780 1359 3871 praecepto'r
1378 3780 1666 3869 excellentisimo,
1693 3808 1755 3859 ve·
1847 3783 1868 3823 ”

650 3898 725 3948 rum
745 3895 901 3945 nontam
920 3870 1207 3964 occupationibus
1233 3894 1274 3945 ac
1300 3872 1479 3947 occafione
1502 3876 1666 3951 baslenus
1687 3878 1752 3950 im·

553 3972 709 4067 ‚peditus
728 3969 799 4052 sui,
824 3968 929 4061 quam
954 3966 1050 4060 quod
1079 3966 1116 4037 δι
1145 3966 1296 4059 publica
1323 3991 1378 4040 res
1403 3966 1604 4045 Germaniae
1624 3969 1755 4047 nostrae

493 4082 497 4093 “
568 4070 653 4140 tales
673 4065 794 4147 essent,
820 4086 858 4133 ιιι
877 4063 963 4135 citra
978 4083 1134 4155 magnam
1154 4062 1412 4155 (prohdolor)
1436 4068 1584 4139 nationis
1603 4064 1753 4157 nostraes

569 4160 698 4235 furiose
723 4160 757 4229 in
774 4182 867 4230 nova
878 4160 1040 4250 dogmata
1060 4152 1271 4238 insanientis,
1296 4156 1469 4231 infamiam
1484 4159 1584 4234 scribi
1599 4161 1758 4259 possent,

569 4258 606 4333 ds
624 4260 771 4353 privatae
787 4276 871 4327 meae
886 4250 1034 4325 fortunae
1042 4297 1055 4337 ,
1079 4251 1116 4319 in
1132 4252 1197 4324 hac
1215 4255 1388 4327 communi
1403 4258 1524 4351 patna
1539 4260 1756 4346 calamitate,

1657 4351 1755 4429 haud
