3967 5167
89 788 91 855 s
237 789 466 865 commodare
488 786 587 884 posse
610 778 875 883 cupivissemus.
924 784 972 861 Ei
993 810 1058 863 ver

342 487 537 588 mrsu.
564 486 871 587 smucrn
897 506 967 583 n>
992 486 1324 592 ntvuusos.
1353 522 1435 617 401

240 692 405 789 guineum
435 706 532 767 tunm
562 689 622 765 bic
653 691 871 765 noverimus:
915 708 1022 787 atque
1053 687 1120 861 igsr
1151 692 1313 793 quapiam
1343 696 1380 769 in
1415 718 1453 770 re

1113 786 1196 860 binc
1222 788 1454 883 proficiscenti

235 882 328 959 istud
358 882 402 956 ad
432 903 468 957 te
495 886 674 957 literarum
698 883 781 959 dare
806 882 1012 971 voluimus,
1049 902 1090 957 ut
1119 899 1233 955 tetum
1259 888 1451 980 perveteris

88 995 90 1029 ⁵
225 984 362 1056 nostrae
387 971 639 1056 necesitudinis
660 975 732 1055 non
752 976 822 1055 fine
842 980 949 1054 animi
973 979 1082 1055 nostri
1103 980 1286 1074 voluptate
1301 983 1449 1069 tuentio-

88 1205 89 1213 *
233 1195 306 1268 que
327 1168 562 1261 deferremus,
586 1169 685 1245 sicuti
714 1172 855 1266 quidem
882 1172 1033 1243 libenter
1060 1168 1217 1245 facimus.

88 1073 89 1140 f
234 1098 317 1157 nem
333 1076 541 1149 haberemus
550 1124 564 1162 ,
587 1094 692 1171 atque
707 1072 775 1170 ipsi
791 1097 939 1173 operam
956 1071 994 1147 &
1016 1072 1132 1149 officia
1146 1074 1261 1149 nostra
1271 1098 1451 1271 &naturar-

1313 1196 1409 1245 uema
1435 1214 1448 1227 ·

235 1270 382 1342 modum
405 1262 482 1359 (1)
508 1288 622 1341 autem
646 1289 700 1340 res
725 1267 853 1341 nostrae
877 1264 1046 1341 haetenus
1070 1266 1308 1358 successerint,
1333 1270 1452 1363 quales

236 1385 306 1437 nos
331 1384 413 1456 erga
438 1364 545 1441 Caroli
571 1365 690 1462 Quinti
707 1364 860 1459 augustan
884 1364 1061 1436 memoriae
1105 1382 1196 1438 artes
1213 1362 1346 1459 semper
1362 1387 1452 1461 pran-

232 1458 444 1545 stiterimus‚
470 1482 621 1553 quamve
644 1457 846 1532 facultatum
869 1458 1039 1554 jaeturarn
1063 1387 1140 1555 (Pa)
1165 1482 1236 1534 non
1260 1480 1375 1534 tamen
1398 1462 1452 1533 in·

232 1554 496 1653 gratambeua
518 1551 638 1651 ipsa&
662 1552 800 1629 iufitum
816 1552 1062 1629 conservandae
1075 1556 1179 1630 auitae
1190 1556 1370 1650 religionis
1381 1554 1449 1630 stu·

86 1707 87 1712 ,
231 1652 357 1737 dium,
380 1651 484 1726 nobis
506 1650 705 1736 attulerint,
731 1672 766 1723 te
792 1652 953 1728 nonnihil
976 1650 1099 1725 saltem
1122 1658 1225 1725 ‘antea
1248 1650 1450 1727 intellexisse

232 1745 492 1821 existimamus:
521 1768 687 1841 nuncque
710 1744 819 1829 fustus
838 1748 998 1840 accipere
1027 1747 1188 1841 potoris,
1204 1768 1280 1819 tum
1307 1770 1349 1819 ex
1372 1744 1449 1841 ipso

232 1842 393 1920 Domino
419 1840 703 1927 Archidiacono,
741 1841 821 1916 cum
844 1868 890 1917 ex
915 1840 1052 1937 scriptis
1076 1844 1114 1917 &
1140 1840 1451 1929 instrusiionibus,

84 1989 85 1992 π
233 1962 322 2037 quas
353 1936 468 2009 nostra
490 1936 594 2012 suasit
622 1937 801 2024 amicitia,
835 1958 875 2011 ut
898 1936 945 2015 ad
969 1960 1005 2011 te
1033 1960 1114 2011 cum
1139 1938 1277 2014 fiducia.
1296 1942 1448 2015 mittere·

232 2058 313 2116 mus
321 2086 334 2122 ,
358 2029 598 2127 sperantesque
616 2084 631 2120 ,⁸
652 2056 692 2106 ac
717 2034 844 2118 etiam,
869 2028 894 2103 ss
917 2035 1069 2127 pateris,
1094 2054 1283 2129 rogantes,
1308 2054 1349 2107 ut
1375 2057 1451 2129 rem

233 2130 406 2216 nostram,
422 2128 493 2217 ,ubi
517 2124 608 2201 serat
632 2124 791 2217 occafio,
812 2131 934 2223 juvare
952 2128 1064 2215 velis,
1080 2128 1186 2221 juxta
1207 2150 1248 2202 ea
1268 2152 1347 2223 quae
1367 2154 1447 2203 ver-

230 2226 291 2301 bis
316 2222 441 2299 nostris
470 2221 517 2297 D.
542 2223 821 2297 Archidiacnnus
850 2222 953 2296 vobis
981 2222 1181 2317 explicabit.
1230 2220 1376 2320 Nosque
1400 2224 1449 2299 se·

84 2387 85 2390 ,
233 2321 322 2397 dusb
347 2332 490 2413 operam
516 2319 697 2409 dabimus,
722 2339 762 2393 ut
789 2340 824 2394 te
847 2319 997 2392 amicum
1020 2318 1231 2393 benevoium
1249 2316 1288 2390 ἃ
1310 2338 1447 2486 pratum

83 2413 84 2506 ἦ
232 2416 406 2494 beneficio
429 2415 616 2491 devinxisse
637 2417 821 2511 intelligas.
869 2413 1074 2511 intereaque
1097 2416 1135 2489 id
1162 2416 1227 2489 tibi
1249 2436 1313 2511 per
1329 2414 1449 2489 nasum

235 2515 364 2603 habeas
381 2512 548 2602 velimus,
569 2529 638 2605 uos
661 2513 705 2586 ad
723 2522 842 2585 munta
860 2513 994 2607 quaevis
1022 2506 1136 2585 officia
1158 2508 1293 2609 semper
1319 2534 1387 2607 pro
1411 2532 1447 2585 te
1496 2581 1497 2592 ,

83 2589 85 2646 t
234 2608 286 2682 ita
309 2622 446 2705 paratos
474 2626 516 2693 ac
539 2628 725 2704 promptos
752 2605 841 2697 esse,
866 2626 906 2679 ut
930 2626 1011 2680 ate
1040 2607 1128 2679 nihil
1153 2628 1207 2679 am
1234 2606 1301 2679 lius
1321 2629 1364 2678 ex
1383 2629 1447 2679 no·

236 2704 293 2779 bis
310 2704 427 2799 optari
443 2703 553 2799 possit.
579 2702 679 2779 Vale.
703 2702 837 2776 Romae.
863 2700 984 2775 Idibus
1007 2700 1155 2799 Augusti
1226 2700 1297 2777 .D.
1314 2700 1443 2779 LXXI.

83 2759 85 2852 1
220 2798 285 2875 n.
309 2798 358 2873 u.
384 2796 429 2870 v.
454 2820 498 2873 ex
522 2797 637 2874 anime
661 2798 882 2877 terremus
906 2798 1032 2873 Frater

622 2906 631 2918 ‘
736 2892 872 3014 Quno
900 2892 1074 2969 cardinalis
1097 2890 1316 2993 Augustanus.

276 3071 343 3159 (ι)
372 3070 624 3159 Qunodmoobm
679 3074 902 3161 Quamobrem,
931 3073 1068 3142 eratin
1095 3072 1325 3160 Antipapho.
1374 3068 1444 3139 Sed

237 3159 408 3259 mendum·
422 3160 511 3240 offe,
595 3168 598 3179 ·
643 3160 723 3229 este·
734 3158 847 3247 arguit
865 3158 1030 3239 orationis
1051 3172 1248 3225 contextus.
1289 3154 1334 3223 A.
1352 3152 1444 3221 Schu-

217 3260 346 3409 msn)
375 3324 567 3391 amararum
589 3327 771 3410 januarum]
803 3326 967 3409 Magnam
997 3320 1077 3388 sane
1111 3318 1219 3405 pulsus
1245 3315 1295 3411 esi
1318 3315 1444 3384 Othna

152 3412 155 3429 '
232 3407 386 3501 Mourisio
408 3408 548 3476 Saxone
572 3408 610 3479 δι
633 3409 755 3475 Albmo
778 3405 1081 3501 brandenburgieo
1095 3399 1357 3497 protestantium
1378 3399 1442 3495 du·

232 3488 335 3556 cubus
363 3506 452 3556 anno
482 3508 577 3573 1552.
604 3492 642 3556 in
665 3488 839 3559 Caesarem
866 3486 1113 3569 movenubus3
1141 3502 1201 3569 qur
1225 3484 1300 3551 Kal.
1327 3483 1361 3549 A
1386 3484 1440 3552 rrs.

83 3637 84 3642 ,
222 3564 576 3668 Augutkaoccupatt
587 3620 599 3654 ,
620 3570 693 3641 tots
718 3565 856 3641 ue'fe'fe
876 3564 1004 3638 dioeesr
1028 3566 1152 3655 potiti,
1183 3564 1328 3636 Carnium
1403 3572 1438 3634 ui
1476 3642 1480 3649 ,

231 3669 344 3741 ponte
365 3672 568 3739 ejecerunt,
596 3658 655 3725 ubi
703 3656 859 3724 ammorii
880 3654 1020 3741 quidem
1040 3652 1140 3739 Regis
1160 3669 1202 3717 ac
1221 3651 1358 3747 civium⁸
1371 3652 1435 3717 bo·

232 3739 287 3807 nis
306 3736 553 3822 pepercerunt:
577 3778 601 3821 0,
616 3742 696 3825 quic
746 3739 781 3805 'd
798 3738 885 3807 verb
909 3756 1040 3805 rerum
1054 3736 1106 3801 lm
1132 3748 1291 3809 cratoris,
1314 3732 1434 3828 Hispa·

233 3862 260 3899 „
277 3838 404 3890 norum
423 3821 461 3898 δι
482 3814 674 3901 cardinalis
729 3822 902 3909 ugustani,
921 3822 1012 3887 ultra
1030 3838 1086 3887 mo
1114 3826 1172 3885 um
1189 3817 1368 3883 foederatis
1384 3832 1437 3883 ru·

221 3944 260 3985 ..,
276 3905 354 3981 viss,
379 3925 408 3985 u
464 3904 667 3985 rmm‚est‚
680 3907 741 3989 ,dir
827 3925 861 3971 rn
881 3901 973 3971 fuit”
992 3903 1105 3985 inquit
1127 3900 1271 3999 Sponden.
1287 3900 1435 3967 adhunc

233 4004 363 4059 annum
428 3988 544 4067 „Vile
569 3989 606 4055 iu
629 3988 691 4059 fin.
730 3990 827 4057 lem
855 3986 947 4055 Pom.
971 3984 1065 4051 Heus.
1086 3986 1155 4053 'r'er.
1174 3982 1279 4068 Auflr.
1306 3984 1356 4053 lib.
1385 3998 1435 4067 13.

222 4091 296 4159 up·
319 4092 370 4156 ¹5·
597 4142 601 4150 '
1391 4112 1394 4119 .

289 4321 376 4398 rom.
397 4324 452 4398 II.
1039 4433 1042 4450 l
1323 4308 1435 4390 EPI-
