3967 5167
357 518 554 615 eursu
587 470 906 615 secuere·
928 530 995 620 nu
1034 438 1369 617 urvuueos.
1402 542 1458 638 53
1584 564 1593 579 ·

260 742 480 816 magnacum
496 713 647 795 numinis
662 723 733 812 mei
748 741 831 795 nota
848 728 1071 815 peccpverat.
1104 716 1157 791 Ut
1171 716 1355 815 postquam
1372 719 1455 793 Pro-

258 821 367 890 methei
392 816 466 909 (o)
493 816 559 895 elle
585 808 654 893 noh
682 820 884 913 potuimus,
911 818 1083 908 Epimethri
1109 814 1182 911 (7)
1206 814 1325 888 saltem
1351 812 1454 891 fiere·

257 936 351 997 mus,
378 910 414 983 δι
441 912 561 1007 sapere
587 916 739 1008 denique
763 917 971 987 videremur.
1023 910 1251 985 Millr'autem
1279 934 1323 985 ea
1338 931 1454 985 errata

258 1010 301 1083 ad
329 1006 438 1103 ipsum
465 1012 626 1101 Rupilium
636 1020 656 1093 ,¹
673 1008 766 1083 hisce
789 1012 896 1083 literis
920 1028 1007 1101 qnae
1033 1008 1147 1080 menie
1166 1007 1272 1093 Junio
1297 1008 1342 1080 ad
1369 1030 1453 1081 eum

259 1105 350 1195 dedi.
401 1102 485 1178 Hoc
512 1128 606 1177 anno
630 1104 675 1181 de
697 1108 867 1179 Verborum
890 1105 1074 1197 obligatione
1091 1102 1315 1195 Tractatum,
1340 1101 1366 1176 li
1387 1103 1453 1176 hic

254 1200 440 1297 profitear,
468 1204 703 1295 explicaturus
720 1200 809 1275 sum:
835 1204 889 1274 eie
908 1203 1045 1295 legibus
1065 1195 1242 1292 exeeptis,
1268 1222 1353 1292 quas
1369 1197 1453 1273 alim

256 1296 366 1371 locine
393 1300 549 1372 excolui:
576 1298 784 1391 videturque
808 1299 895 1369 mihi
916 1294 1012 1380 fore.
1036 1316 1076 1366 ut
1101 1318 1261 1390 magnam
1276 1295 1354 1389 ejus
1378 1316 1458 1383 ma-
1503 1302 1505 1306 ’

255 1395 351 1465 terte
373 1415 508 1485 partem
522 1393 646 1489 possm
667 1393 852 1467 absolvere.
904 1390 1135 1488 Gynureiium
1161 1390 1251 1463 mihi
1265 1412 1337 1462 non
1362 1391 1450 1464 arbi·

256 1512 335 1562 tror
349 1488 656 1583 frequentillimum
674 1488 769 1571 lore,
795 1508 944 1585 propter
961 1488 1152 1582 pestilitatis
1168 1484 1345 1564 timorem:
1371 1482 1455 1581 q‘uae

256 1604 371 1657 tamen
389 1582 472 1656 sane¹
494 1584 681 1678 plurimum
695 1586 849 1658 remissit.
899 1582 989 1657 Sunt
1011 1604 1124 1657 tamen
1149 1585 1210 1677 q'ui
1236 1582 1455 1677 frequentius

255 1678 412 1755 futurum
444 1680 601 1751 divinare
629 1682 772 1765 velint,
802 1681 901 1776 qudd
923 1681 1095 1775 proximae
1112 1677 1452 1753 Univenfitates·srut

254 1778 461 1859 exinanitae,
486 1774 721 1871 nusquamque
747 1778 804 1850 vel
829 1776 1035 1849 triobolares
1063 1778 1077 1863 (
1090 1779 1134 1863 8)
1159 1773 1271 1848 edlmr
1287 1799 1342 1846 ma
1367 1776 1454 1848 istri·

254 1870 336 1945 Hac
352 1874 396 1945 de
412 1870 534 1945 T'urca
559 1892 703 1966 magnus
719 1874 865 1945 omnino
881 1874 931 1945 est
952 1871 1093 1953 rumor,
1121 1872 1211 1942 nihil
1226 1873 1324 1943 cerri.
1388 1892 1453 1943 uto

219 2042 224 2055 ,
255 1970 351 2062 apud
369 1990 435 2041 vos
461 1968 578 2039 omnia
600 1967 668 2041 elle
687 1971 846 2041 certiora.
897 1968 934 2039 Si
961 1968 1047 2065 quid
1076 1970 1161 2037 novi
1180 1967 1279 2040 isthic
1297 1970 1455 2052 edatur,

256 2062 421 2235 affine,
447 2062 589 2161 queso,
617 2064 672 2136 fac
696 2088 751 2139 me
775 2063 973 2139 certiorem.
1010 2062 1124 2149 Vale.
1148 2062 1366 2159 Biturigibus
1388 2085 1454 2138 ιιι.

741 2336 965 2413 Auununs
990 2333 1232 2409 Aseraeus
1258 2348 1378 2449 taum
1499 2343 1503 2353 ’

255 2545 289 2591 eo
311 2524 386 2605 tulin
400 2504 495 2609 sunt,
516 2527 646 2609 inquit,
665 2542 701 2589 nt
722 2546 786 2590 cum
811 2534 923 2609 quovis
941 2530 1054 2607 ingenio
1074 2539 1186 2587 certare
1201 2520 1321 2606 poffinn
1363 2520 1454 2586 Dnle

255 2615 301 2673 rio
337 2623 414 2689 unt,
432 2628 519 2693 puro·
528 2611 618 2693 sunt,
639 2610 783 2691 elegantia
805 2610 896 2693 sunu:
917 2606 973 2693 sed
997 2626 1054 2669 raon
1066 2606 1131 2689 fine
1150 2612 1275 2681 nervis3
1312 2612 1456 2669 entenrr'e

253 2710 332 2756 voro
353 2692 446 2772 ⁴mles,
469 2707 503 2755 ut
515 2700 602 2757 etium
622 2692 665 2757 od
682 2692 753 2778 usur
772 2693 877 2757 civilis
892 2699 969 2759 vitre
981 2688 1150 2776 conferuntv
1164 2688 1276 2773 Apud
1285 2604 1451 2772 geylone

253 2776 289 2839 in
311 2774 401 2841 Didi.
426 2776 494 2840 hoc
516 2792 579 2843 art.
602 2776 644 2841 ad
666 2776 731 2841 litt.
754 2774 801 2840 M.

295 2858 357 2940 (6)
379 2857 565 2943 Promethei]
597 2858 684 2924 Haec
714 2858 757 2923 de
785 2854 907 2923 fabulis
935 2854 1113 2939 desumpta
1140 2853 1218 2921 sunt
1247 2857 1451 2939 poetaruma
1582 2908 1585 2913 -

250 2940 475 3007 Prometheus
496 2944 610 3025 Japeti
630 2943 735 3017 iilius,
760 2939 980 3006 Deucalionis
1002 2954 1129 3034 putem
1143 2938 1313 3004 Minervae
1335 2958 1443 3023 opere
1629 2980 1634 2987 ·

250 3025 286 3089 in
309 3025 439 3089 coelum
460 3024 609 3094 sublatus
618 3070 635 3101 ,
649 3022 830 3093 coelestem
845 3024 962 3106 ignem
970 3023 1105 3093 ,dacitm
1119 3020 1184 3088 elle
1198 3022 1333 3089 furatus
1338 3065 1353 3102 ,
1371 3042 1449 3109 quo

247 3108 380 3175 luteum
403 3110 577 3175 hominem
599 3128 618 3174 a
639 3106 671 3173 se
693 3106 806 3173 fidum
828 3105 1010 3182 accendit,
1032 3107 1274 3189 animavitque.

294 3192 358 3275 (7)
379 3190 407 3255 E
428 3193 568 3276 imetlrei]
603 3192 825 3275 Epimetheus
847 3190 954 3256 frater
978 3188 1200 3265 Promethei,
1229 3188 1289 3271 qui
1311 3188 1348 3256 dt
1368 3186 1449 3271 ipse

249 3214 579 3343 luteumhommem
596 3274 734 3340 diffimili
761 3291 868 3341 mauu
887 3272 1014 3339 hinnite
1040 3272 1161 3355 Quare
1181 3287 1296 3337 aurem
1323 3268 1441 3336 Aleia·

250 3374 328 3434 tus,
351 3356 572 3441 Epimetheus
594 3356 690 3423 malit
708 3356 799 3432 elle,
818 3354 919 3437 quam
935 3354 1179 3431 Prometheum
1202 3372 1275 3423 nou
1295 3352 1372 3419 latis
1391 3352 1448 3422 air
1509 3406 1515 3415 .

250 3439 397 3523 sequor,
432 3460 511 3506 cum
533 3444 633 3525 huius
651 3440 722 3507 sors
754 3441 890 3506 felicior
911 3438 1020 3504 suerit
1039 3436 1133 3504 sorte
1158 3438 1258 3506 illius
1298 3436 1449 3503 Prome-

250 3524 349 3589 theus
371 3525 518 3591 vinculis
536 3524 680 3591 tandem.
701 3523 831 3591 solutus
859 3522 922 3586 l'uit
936 3522 1025 3609 Jove
1046 3518 1236 3588 Herculem
1252 3520 1447 3603 mittente-7

247 3605 470 3690 Epimetheus
490 3622 644 3675 autema
667 3606 754 3689 Jove
775 3610 811 3671 in
841 3606 968 3671 limiam
990 3604 1108 3670 versus
1127 3605 1164 3671 in
1182 3603 1304 3673 insulas
1324 3604 1449 3670 Pithe*

245 3690 343 3757 cuias
364 3688 532 3773 relegatus
553 3690 612 3759 est.
663 3688 704 3760 V.
739 3690 843 3759 Curul.
863 3686 963 3775 Steph.
983 3693 1017 3753 iu
1041 3686 1120 3780 dici,¹
1139 3686 1238 3771 hiller.
1267 3690 1302 3758 θ
1331 3680 1448 3771 Jacob.
1572 3736 1576 3739 -

250 3770 429 3844 Vomerium
451 3781 483 3838 in
498 3780 619 3857 poetico.

290 3859 304 3942 (
312 3856 351 3955 β)
369 3855 552 3955 Triolrolures
566 3850 723 3949 magistri]
736 3854 903 3949 Vanitatis
919 3854 955 3921 δι
975 3856 1094 3951 gloriae
1097 3871 1279 4005 tperquam
1292 3854 1448 3943 cupidus
1551 3953 1554 3962 Ι

244 3938 384 4011 habitus
400 3940 448 4007 est
466 3939 625 4011 Altinius..
659 3936 749 4006 Vrde
766 3938 924 4022 Bayhum
945 3940 996 4005 ad.
1010 3940 1087 4007 latt..
1134 3987 1153 4007 .
