3967 5167
301 551 511 646 EPIST.
543 547 852 642 SELECTAE
883 575 950 640 au
980 551 1319 652 DIVERSOS.
1357 593 1432 682 143

234 757 323 820 ero,
350 729 499 804 foeliceur
533 721 720 800 succellum
746 724 859 819 spero.
899 723 1036 800 -Habeo
1059 731 1191 824 aliquot
1214 755 1283 805 non
1312 739 1433 827 vulga·

233 855 288 904 res
305 831 434 902 amicos
460 827 497 896 in
515 823 706 903 Germania
729 819 916 906 inferiore,
935 819 1061 916 quibus
1078 848 1097 895 a
1116 823 1243 904 Patruo
1259 832 1343 902 olim
1359 831 1433 902 sum

221 924 506 1000 ,commendatus
555 917 606 1012 ln
621 921 737 992 omnia
759 917 804 990 ad
822 915 993 1013 quaestum
1018 917 1245 998 referentibus
1265 949 1334 1000 non
1354 929 1430 1022 pla·

230 1021 348 1108 cebit,
381 1011 432 1090 sat
466 1015 558 1102 scio,
591 1016 688 1108 quod
719 1014 917 1088 uberiorem
974 1038 1161 1090 roventum
1186 1020 1221 1090 in
1247 1019 1434 1094 Germania

229 1115 391 1210 sperem,
418 1111 497 1185 cium
520 1110 685 1184 nostratia
702 1110 779 1183 fora
800 1115 909 1183 multo
948 1131 1001 1184 int
1021 1113 1191 1185 uberiora.
1242 1115 1289 1186 Et
1307 1119 1431 1193 deinde

221 1213 324 1296 aliud
342 1208 620 1303 suspicabuntur,
647 1232 752 1300 qnare
774 1205 983 1302 superiorem
1005 1231 1159 1300 quaeram
1187 1209 1431 1288 Germaniam:

229 1307 428 1400 sedtarnen
446 1304 593 1396 praesens
610 1305 779 1395 quicquid
798 1301 900 1374 idest
922 1300 1104 1378 dissolvere
1123 1306 1285 1380 conabor.
1340 1309 1434 1382 Haec

231 1402 285 1477 est
302 1400 521 1476 consiliorum
538 1421 694 1472 meorum
715 1397 853 1470 summa.
885 1397 912 1470 i
916 1398 966 1469 uit
983 1421 1097 1470 autem
1111 1402 1194 1470 mihi
1211 1426 1433 1496 pergratum,

232 1501 331 1594 quod
349 1519 444 1568 tuam
459 1518 600 1588 quoque
617 1517 722 1590 opem
745 1493 977 1588 benignissime
995 1495 1179 1580 obtuleris,
1208 1501 1264 1568 cui
1280 1522 1345 1592 ego
1360 1499 1432 1594 jam

166 1619 170 1625 ·
235 1615 338 1668 antea
357 1597 502 1664 multum
518 1592 651 1672 debeo,
677 1589 756 1659 cum
775 1611 846 1660 tuae
863 1589 907 1661 de
924 1611 979 1660 me
995 1593 1332 1679 commendationes,
1352 1594 1434 1668 ciam

233 1693 385 1785 privatae
409 1710 480 1758 tum
504 1689 674 1782 publicae,
699 1681 962 1754 honestiffimam
992 1684 1076 1755 milri
1102 1688 1304 1780 opinionem
1340 1693 1432 1784 apud
1545 1710 1551 1722 ⁸

235 1782 360 1858 dubios
373 1781 411 1854 dt
425 1781 592 1856 studiosos
614 1781 823 1875 pepererint.
849 1777 899 1850 Et
910 1779 959 1848 est
976 1780 1062 1850 mihi
1078 1781 1239 1877 profesid
1254 1786 1316 1858 iste
1332 1789 1438 1880 longe

235 1883 405 1952 maximus
426 1875 617 1950 studiorum
634 1897 787 1948 meorum
803 1872 958 1958 fructus,
977 1898 1114 1969 quema
1129 1897 1164 1950 te
1183 1883 1329 1976 accipio.
1382 1885 1437 1956 Ac

215 2000 320 2060 ‚eum
345 1997 557 2069 perpetuum
585 1971 662 2045 iore
683 1971 813 2064 spero,
840 1993 918 2042 nam
937 1973 1027 2044 mori
1053 1993 1108 2042 rne
1133 1973 1269 2050 Hercle
1294 1979 1435 2064 malim,

239 2071 347 2166 quim
367 2093 444 2144 mea
465 2072 580 2165 aliqua
605 2069 710 2162 culpa
736 2088 828 2138 tuam
844 2069 1002 2140 amittere
1018 2067 1307 2144 benevolentiam.
1358 2067 1452 2152 Der-⁷

242 2167 329 2238 mini
351 2169 484 2236 Antonii
509 2169 646 2258 Fuggeri
669 2160 790 2235 lavore
812 2164 960 2234 multum
993 2163 1109 2247 nitor,
1136 2165 1173 2238 &
1204 2169 1353 2240 arbitror
1381 2193 1436 2242 me

240 2265 278 2335 in
295 2260 431 2332 firmum
445 2262 613 2332 inclinare
632 2260 810 2352 parietem.
861 2255 953 2328 Cum
977 2260 1065 2330 verd
1083 2280 1142 2328 tua
1155 2264 1343 2334 authoritas
1361 2268 1438 2359 plu·

239 2360 364 2431 rimum
383 2357 476 2450 apud
502 2379 579 2430 eum
595 2357 734 2441 valeat,
759 2354 797 2426 &
813 2376 876 2424 tuo
894 2352 1031 2445 judicio
1047 2355 1194 2424 multum
1214 2359 1363 2432 tribuat:
1388 2364 1439 2453 ju·

239 2455 333 2527 veris
352 2475 407 2524 me
427 2473 654 2546 nonparum‚
679 2448 704 2520 sr
728 2447 806 2522 cbm
831 2449 894 2518 tibi
910 2448 1160 2541 opportunitas
1187 2453 1230 2522 ad
1257 2476 1335 2524 eum
1360 2452 1439 2526 scri·

239 2549 351 2623 bentii
373 2545 498 2630 fuerit,
523 2549 741 2618 voluntatem
757 2539 864 2634 ipfius
879 2560 943 2612 tua
958 2543 1257 2619 commendatione
1273 2549 1440 2622 incitave-

242 2648 304 2717 ris.
354 2641 515 2712 Arbitror
538 2664 616 2712 eum
644 2641 851 2733 propediem
869 2639 927 2708 hic
949 2635 1134 2724 futurum,
1161 2639 1207 2712 stc
1236 2645 1326 2716 enim
1354 2645 1439 2718 milri

242 2739 369 2812 retulit
379 2737 598 2830 Mariangelus
611 2734 806 2830 Accurstus(
820 2757 833 2806 t
847 2732 863 2826 )
878 2733 937 2825 qui
953 2735 1029 2806 heri
1045 2737 1110 2808 hac
1122 2737 1155 2806 in
1173 2741 1318 2829 patriam
1335 2741 1440 2814 trans·

241 2838 298 2907 iit.
349 2833 438 2926 Ejus
451 2835 578 2928 opinor
596 2830 662 2902 tibi
682 2853 808 2903 nornen
832 2827 898 2900 eise
924 2850 1062 2903 notum:
1088 2835 1198 2904 edidit
1219 2836 1308 2906 euim
1327 2859 1439 2931 nuper

247 2925 477 3026 Cnffiodorum,
504 2927 686 3022 &aliquot
703 2928 778 2997 Am.
794 2924 885 2998 Mur.
902 2924 1061 2998 libros&
1080 2929 1248 3023 integrum
1269 2933 1362 3005 hunc
1382 2957 1440 3006 an·

244 3049 329 3097 num
346 3026 418 3118 egit
436 3027 529 3118 apud
553 3027 603 3096 D.
630 3023 811 3094 Antonium.
860 3019 962 3096 Visus
989 3022 1037 3095 est
1063 3025 1147 3096 mihi
1172 3024 1262 3100 bene
1278 3050 1442 3100 oneratus

233 3123 361 3200 ‚redire
381 3141 424 3190 ex
442 3119 650 3206 Germania,
674 3140 740 3192 nec
764 3135 891 3192 temere
912 3115 978 3192 elle
996 3120 1091 3212 quod
1109 3141 1184 3192 eam
1208 3123 1337 3194 laudat.
1373 3121 1444 3198 Re·

249 3219 315 3289 diit
332 3213 368 3290 bt
386 3205 563 3308 superiore
583 3238 672 3286 anno
690 3237 734 3286 eu
754 3213 945 3285 Germania
962 3214 1053 3299 bene
1069 3237 1264 3286 nummatus
1291 3219 1445 3288 Gauricur

241 3301 390 3409 buidam
418 3311 701 3383 Mathematicus.
733 3307 807 3402 (a)
847 3309 975 3382 Sedis
1008 3331 1079 3380 nou
1109 3309 1281 3382 obturatis
1306 3311 1445 3480 ausribus

1367 3428 1446 3480 irae-

297 3581 360 3669 (1)
382 3581 589 3677 Mariongeius
606 3580 785 3665 Acturfiur]
809 3600 853 3648 ex
871 3579 987 3664 Aquilo
1010 3579 1141 3664 oppido
1169 3583 1265 3668 regni
1280 3583 1446 3668 Neapoli·

161 3718 167 3731 ,
251 3667 347 3743 tani,
370 3680 534 3740 criticus,
554 3667 612 3746 qui
630 3684 754 3731 vetera
768 3665 839 3730 mil.
858 3663 1000 3729 sedatus
1015 3665 1062 3730 eli
1083 3663 1125 3728 ad
1148 3667 1370 3750 corrigendos
1385 3685 1448 3730 an·

251 3755 366 3847 tiqnuos
387 3745 581 3840 scriptores.
632 3749 940 3843 Primuslvulgavit
962 3749 1031 3842 hqc
1056 3747 1128 3830 ipso
1157 3767 1249 3814 anno
1280 3749 1445 3831 Coffiodori

252 3829 1447 4009 abitalillibi.libididemababli.lii:

252 4001 302 4070 est
321 4000 444 4084 Boylitt's
471 4003 505 4059 in
525 3994 678 4076 dia-iiii.
700 4003 808 4058 critico.
833 3995 942 4062 Verbo:
965 3998 1164 4071 Mareellm,
1186 3995 1223 4063 dc
1244 4000 1352 4064 verbo:
1375 4000 1446 4066 Ac·

252 4083 362 4152 curse.
404 4083 493 4146 Item
512 4078 641 4142 Miraeus
659 4085 691 4141 iu
709 4082 845 4142 andario
865 4095 928 4161 rap.
947 4095 1001 4162 42.
1021 4085 1053 4142 in
1072 4079 1141 4146 edit.
1163 4079 1290 4146 Fabricii
1305 4101 1340 4166 p.
1362 4088 1391 4152 8.

294 4168 358 4252 (a)
383 4163 536 4232 Gaurrrus
555 4161 679 4245 quidam
698 4159 941 4244 mariamnam]
965 4161 1105 4228 nomine
1128 4161 1243 4242 Lutot,
1265 4168 1380 4250 episco
1407 4187 1446 4234 us

259 4247 475 4315 Civitatenlis
494 4247 530 4311 in
548 4263 654 4330 reguo
667 4245 917 4330 Neapolitano,
936 4244 981 4310 de
1003 4263 1091 4327 quo,
1112 4246 1262 4328 filubet‚
1281 4253 1363 4320 vide
1418 4259 1445 4314 i-

257 4351 349 4398 terou.
369 4347 436 4398 intr.
459 4349 512 4412 30.
531 4351 551 4392 a
570 4347 601 4414 p.
624 4345 696 4424 145.
716 4330 776 4425 qui
802 4325 951 4396 curiosas
977 4330 1049 4413 ejus
1075 4329 1156 4397 vitae
1177 4332 1448 4402 circumstantias

259 4413 393 4493 refert,
418 4413 567 4481 sednon
588 4427 745 4480 memrmt
764 4415 857 4500 ejus,
876 4413 969 4497 quod
989 4413 1049 4484 hic
1071 4411 1189 4500 Vigiius
1207 4417 1321 4486 innuit
1328 4439 1341 4494 ,·
1361 4415 1449 4565 {²1¹1ss
