<?xml version="1.0" encoding="UTF-8"?>
<!DOCTYPE html PUBLIC "-//W3C//DTD XHTML 1.0 Transitional//EN"
    "http://www.w3.org/TR/xhtml1/DTD/xhtml1-transitional.dtd">
<html xmlns="http://www.w3.org/1999/xhtml" xml:lang="en" lang="en">
 <head>
  <title>
</title>
<meta http-equiv="Content-Type" content="text/html;charset=utf-8" />
  <meta name='ocr-system' content='tesseract 3.04.00' />
  <meta name='ocr-capabilities' content='ocr_page ocr_carea ocr_par ocr_line ocrx_word'/>
</head>
<body>
  <div class='ocr_page' id='page_1' title='image "./vitavigliiabayt04papegoog_0398.png"; bbox 0 0 3967 5167; ppageno 0'>
   <div class='ocr_carea' id='block_1_1' title="bbox 92 590 175 656">
    <p class='ocr_par' dir='ltr' id='par_1_1' title="bbox 92 555 175 656">
     <span class='ocr_line' id='line_1_1' title="bbox 92 590 175 656; baseline 0 -17"><span class='ocrx_word' id='word_1_1' title='bbox 92 590 96 656; x_wconf 84' lang='lat' dir='ltr'>l</span> <span class='ocrx_word' id='word_1_2' title='bbox 169 634 175 639; x_wconf 88' lang='lat'>.</span> 
     </span>
    </p>
   </div>
   <div class='ocr_carea' id='block_1_2' title="bbox 317 449 1586 647">
    <p class='ocr_par' dir='ltr' id='par_1_2' title="bbox 317 449 1586 647">
     <span class='ocr_line' id='line_1_2' title="bbox 317 449 1586 647; baseline 0.03 -34"><span class='ocrx_word' id='word_1_3' title='bbox 317 515 511 615; x_wconf 72' lang='lat' dir='ltr'>eursu.</span> <span class='ocrx_word' id='word_1_4' title='bbox 526 449 845 611; x_wconf 51' lang='lat' dir='ltr'>⁴sutricum</span> <span class='ocrx_word' id='word_1_5' title='bbox 873 536 941 602; x_wconf 76' lang='lat' dir='ltr'>m</span> <span class='ocrx_word' id='word_1_6' title='bbox 967 452 1301 615; x_wconf 73' lang='lat' dir='ltr'>uiuunsos.</span> <span class='ocrx_word' id='word_1_7' title='bbox 1330 543 1416 635; x_wconf 72' lang='lat' dir='ltr'>aar</span> <span class='ocrx_word' id='word_1_8' title='bbox 1455 642 1461 647; x_wconf 82' lang='grc'><strong>,</strong></span> <span class='ocrx_word' id='word_1_9' title='bbox 1582 456 1586 467; x_wconf 13' lang='lat' dir='ltr'>x</span> 
     </span>
    </p>
   </div>
   <div class='ocr_carea' id='block_1_3' title="bbox 92 708 1413 823">
    <p class='ocr_par' dir='ltr' id='par_1_3' title="bbox 92 708 1413 823">
     <span class='ocr_line' id='line_1_3' title="bbox 92 708 1413 823; baseline 0.006 -39"><span class='ocrx_word' id='word_1_10' title='bbox 92 750 93 784; x_wconf 65' lang='lat' dir='ltr'>r</span> <span class='ocrx_word' id='word_1_11' title='bbox 212 718 402 817; x_wconf 72' lang='lat' dir='ltr'>gistratum</span> <span class='ocrx_word' id='word_1_12' title='bbox 425 719 496 810; x_wconf 83' lang='lat'>(1)</span> <span class='ocrx_word' id='word_1_13' title='bbox 520 736 636 810; x_wconf 86' lang='lat' dir='ltr'>nuper</span> <span class='ocrx_word' id='word_1_14' title='bbox 654 712 699 785; x_wconf 92' lang='lat' dir='ltr'>ad</span> <span class='ocrx_word' id='word_1_15' title='bbox 714 735 770 785; x_wconf 89' lang='lat' dir='ltr'>me</span> <span class='ocrx_word' id='word_1_16' title='bbox 788 710 933 783; x_wconf 76' lang='lat' dir='ltr'>millum.</span> <span class='ocrx_word' id='word_1_17' title='bbox 984 708 1025 781; x_wconf 94' lang='lat' dir='ltr'>ln</span> <span class='ocrx_word' id='word_1_18' title='bbox 1045 736 1115 823; x_wconf 78' lang='lat' dir='ltr'>qup</span> <span class='ocrx_word' id='word_1_19' title='bbox 1131 716 1182 789; x_wconf 92' lang='lat' dir='ltr'>uti</span> <span class='ocrx_word' id='word_1_20' title='bbox 1196 716 1413 812; x_wconf 77' lang='lat' dir='ltr'>diligentiam</span> 
     </span>
    </p>
   </div>
   <div class='ocr_carea' id='block_1_4' title="bbox 92 810 1410 1000">
    <p class='ocr_par' dir='ltr' id='par_1_4' title="bbox 92 810 1410 1018">
     <span class='ocr_line' id='line_1_4' title="bbox 92 810 1410 907; baseline 0.001 -19"><span class='ocrx_word' id='word_1_21' title='bbox 92 841 93 878; x_wconf 81' lang='lat'>1</span> <span class='ocrx_word' id='word_1_22' title='bbox 213 836 391 889; x_wconf 86' lang='lat' dir='ltr'>tuamnon</span> <span class='ocrx_word' id='word_1_23' title='bbox 412 810 548 907; x_wconf 79' lang='lat' dir='ltr'>poss&#39;um</span> <span class='ocrx_word' id='word_1_24' title='bbox 573 834 645 882; x_wconf 91' lang='lat' dir='ltr'>non</span> <span class='ocrx_word' id='word_1_25' title='bbox 668 810 830 890; x_wconf 86' lang='lat' dir='ltr'>laudare,</span> <span class='ocrx_word' id='word_1_26' title='bbox 854 813 900 879; x_wconf 86' lang='lat' dir='ltr'>ita</span> <span class='ocrx_word' id='word_1_27' title='bbox 926 830 1067 903; x_wconf 88' lang='lat' dir='ltr'>quoque</span> <span class='ocrx_word' id='word_1_28' title='bbox 1094 830 1128 883; x_wconf 84' lang='lat' dir='ltr'>in</span> <span class='ocrx_word' id='word_1_29' title='bbox 1151 834 1311 907; x_wconf 85' lang='lat' dir='ltr'>magnam</span> <span class='ocrx_word' id='word_1_30' title='bbox 1336 814 1410 889; x_wconf 87' lang='lat' dir='ltr'>sum</span> 
     </span>
     <span class='ocr_line' id='line_1_5' title="bbox 213 904 1408 1000; baseline -0.002 -18.276"><span class='ocrx_word' id='word_1_31' title='bbox 213 904 383 985; x_wconf 68' lang='lat' dir='ltr'>eddredus</span> <span class='ocrx_word' id='word_1_32' title='bbox 395 910 681 991; x_wconf 83' lang='lat' dir='ltr'>admirationem,</span> <span class='ocrx_word' id='word_1_33' title='bbox 705 905 886 997; x_wconf 87' lang='lat' dir='ltr'>quomodo</span> <span class='ocrx_word' id='word_1_34' title='bbox 900 906 1042 975; x_wconf 89' lang='lat' dir='ltr'>intanta</span> <span class='ocrx_word' id='word_1_35' title='bbox 1058 904 1321 1000; x_wconf 85' lang='lat' dir='ltr'>Magistraruum</span> <span class='ocrx_word' id='word_1_36' title='bbox 1337 930 1408 981; x_wconf 87' lang='lat' dir='ltr'>tur-</span> 
     </span>
    </p>
   </div>
   <div class='ocr_carea' id='block_1_5' title="bbox 208 996 1476 1577">
    <p class='ocr_par' dir='ltr' id='par_1_5' title="bbox 208 996 1476 1577">
     <span class='ocr_line' id='line_1_6' title="bbox 212 996 1409 1099; baseline -0.002 -19"><span class='ocrx_word' id='word_1_37' title='bbox 212 1008 276 1090; x_wconf 87' lang='lat' dir='ltr'>ba,</span> <span class='ocrx_word' id='word_1_38' title='bbox 300 1002 511 1099; x_wconf 86' lang='lat' dir='ltr'>Respublica</span> <span class='ocrx_word' id='word_1_39' title='bbox 532 1000 627 1074; x_wconf 71' lang='lat' dir='ltr'>reite</span> <span class='ocrx_word' id='word_1_40' title='bbox 657 1001 843 1095; x_wconf 84' lang='lat' dir='ltr'>gubernari</span> <span class='ocrx_word' id='word_1_41' title='bbox 865 1002 1033 1096; x_wconf 81' lang='lat' dir='ltr'>potuerit.</span> <span class='ocrx_word' id='word_1_42' title='bbox 1082 999 1185 1073; x_wconf 90' lang='lat' dir='ltr'>Nosti</span> <span class='ocrx_word' id='word_1_43' title='bbox 1208 1006 1303 1096; x_wconf 88' lang='lat' dir='ltr'>quod</span> <span class='ocrx_word' id='word_1_44' title='bbox 1338 996 1409 1079; x_wconf 85' lang='lat' dir='ltr'>dici</span> 
     </span>
     <span class='ocr_line' id='line_1_7' title="bbox 210 1096 1410 1192; baseline 0 -17"><span class='ocrx_word' id='word_1_45' title='bbox 210 1100 320 1189; x_wconf 85' lang='lat' dir='ltr'>solet,</span> <span class='ocrx_word' id='word_1_46' title='bbox 342 1097 601 1173; x_wconf 83' lang='lat' dir='ltr'>multitudinem</span> <span class='ocrx_word' id='word_1_47' title='bbox 621 1096 873 1191; x_wconf 84' lang='lat' dir='ltr'>imperatorum</span> <span class='ocrx_word' id='word_1_48' title='bbox 894 1096 1033 1169; x_wconf 87' lang='lat' dir='ltr'>Cariam</span> <span class='ocrx_word' id='word_1_49' title='bbox 1051 1096 1123 1191; x_wconf 86' lang='lat'>(2)</span> <span class='ocrx_word' id='word_1_50' title='bbox 1140 1099 1335 1192; x_wconf 81' lang='lat' dir='ltr'>perdidiile.</span> <span class='ocrx_word' id='word_1_51' title='bbox 1362 1100 1410 1175; x_wconf 84' lang='lat' dir='ltr'>Et</span> 
     </span>
     <span class='ocr_line' id='line_1_8' title="bbox 209 1193 1410 1290; baseline -0.002 -18"><span class='ocrx_word' id='word_1_52' title='bbox 209 1196 360 1272; x_wconf 85' lang='lat' dir='ltr'>fiforte</span> <span class='ocrx_word' id='word_1_53' title='bbox 392 1197 505 1280; x_wconf 87' lang='lat' dir='ltr'>dieas,</span> <span class='ocrx_word' id='word_1_54' title='bbox 538 1194 587 1265; x_wconf 89' lang='lat' dir='ltr'>nil</span> <span class='ocrx_word' id='word_1_55' title='bbox 611 1197 730 1289; x_wconf 86' lang='lat' dir='ltr'>potius</span> <span class='ocrx_word' id='word_1_56' title='bbox 766 1193 834 1265; x_wconf 81' lang='lat' dir='ltr'>else</span> <span class='ocrx_word' id='word_1_57' title='bbox 867 1194 1009 1277; x_wconf 89' lang='lat' dir='ltr'>ordine,</span> <span class='ocrx_word' id='word_1_58' title='bbox 1043 1216 1115 1289; x_wconf 88' lang='lat' dir='ltr'>quo</span> <span class='ocrx_word' id='word_1_59' title='bbox 1141 1196 1410 1290; x_wconf 83' lang='lat' dir='ltr'>uniuscujusque</span> 
     </span>
     <span class='ocr_line' id='line_1_9' title="bbox 208 1286 1476 1387; baseline -0.003 -19"><span class='ocrx_word' id='word_1_60' title='bbox 208 1296 332 1369; x_wconf 86' lang='lat' dir='ltr'>munia</span> <span class='ocrx_word' id='word_1_61' title='bbox 348 1290 415 1363; x_wconf 83' lang='lat' dir='ltr'>fint</span> <span class='ocrx_word' id='word_1_62' title='bbox 430 1286 603 1364; x_wconf 74' lang='lat' dir='ltr'>distmlb:</span> <span class='ocrx_word' id='word_1_63' title='bbox 629 1291 664 1362; x_wconf 91' lang='lat' dir='ltr'>id</span> <span class='ocrx_word' id='word_1_64' title='bbox 682 1289 823 1385; x_wconf 88' lang='lat' dir='ltr'>quidem</span> <span class='ocrx_word' id='word_1_65' title='bbox 847 1288 978 1371; x_wconf 83' lang='lat' dir='ltr'>fateor,</span> <span class='ocrx_word' id='word_1_66' title='bbox 1003 1291 1192 1363; x_wconf 83' lang='lat' dir='ltr'>dummodo</span> <span class='ocrx_word' id='word_1_67' title='bbox 1209 1314 1290 1383; x_wconf 84' lang='lat' dir='ltr'>¹non</span> <span class='ocrx_word' id='word_1_68' title='bbox 1310 1295 1410 1365; x_wconf 84' lang='lat' dir='ltr'>nimis</span> <span class='ocrx_word' id='word_1_69' title='bbox 1471 1380 1476 1387; x_wconf 23' lang='grc' dir='ltr'>Ι</span> 
     </span>
     <span class='ocr_line' id='line_1_10' title="bbox 210 1382 1409 1479; baseline -0.003 -16"><span class='ocrx_word' id='word_1_70' title='bbox 210 1389 376 1463; x_wconf 85' lang='lat' dir='ltr'>minutim</span> <span class='ocrx_word' id='word_1_71' title='bbox 398 1407 440 1460; x_wconf 86' lang='lat' dir='ltr'>ea</span> <span class='ocrx_word' id='word_1_72' title='bbox 460 1386 667 1459; x_wconf 87' lang='lat' dir='ltr'>dividantur.</span> <span class='ocrx_word' id='word_1_73' title='bbox 718 1382 849 1472; x_wconf 83' lang='lat' dir='ltr'>Quaeso</span> <span class='ocrx_word' id='word_1_74' title='bbox 872 1387 962 1456; x_wconf 88' lang='lat' dir='ltr'>enim</span> <span class='ocrx_word' id='word_1_75' title='bbox 979 1406 1034 1469; x_wconf 87' lang='lat' dir='ltr'>te,</span> <span class='ocrx_word' id='word_1_76' title='bbox 1059 1387 1106 1457; x_wconf 88' lang='lat' dir='ltr'>mi</span> <span class='ocrx_word' id='word_1_77' title='bbox 1137 1386 1299 1479; x_wconf 79' lang='lat' dir='ltr'>Happere,</span> <span class='ocrx_word' id='word_1_78' title='bbox 1324 1412 1409 1461; x_wconf 90' lang='lat' dir='ltr'>con-</span> 
     </span>
     <span class='ocr_line' id='line_1_11' title="bbox 210 1478 1409 1577; baseline -0.001 -19"><span class='ocrx_word' id='word_1_79' title='bbox 210 1484 318 1557; x_wconf 80' lang='lat' dir='ltr'>cinna</span> <span class='ocrx_word' id='word_1_80' title='bbox 336 1483 438 1555; x_wconf 81' lang='lat' dir='ltr'>nobis</span> <span class='ocrx_word' id='word_1_81' title='bbox 454 1482 605 1576; x_wconf 86' lang='lat' dir='ltr'>aliquam</span> <span class='ocrx_word' id='word_1_82' title='bbox 632 1480 796 1563; x_wconf 86' lang='lat' dir='ltr'>Curiam,</span> <span class='ocrx_word' id='word_1_83' title='bbox 821 1478 910 1565; x_wconf 84' lang='lat' dir='ltr'>sive,</span> <span class='ocrx_word' id='word_1_84' title='bbox 934 1482 988 1553; x_wconf 88' lang='lat' dir='ltr'>uti</span> <span class='ocrx_word' id='word_1_85' title='bbox 1012 1502 1104 1555; x_wconf 86' lang='lat' dir='ltr'>nunc</span> <span class='ocrx_word' id='word_1_86' title='bbox 1130 1484 1326 1577; x_wconf 87' lang='lat' dir='ltr'>loquimur,</span> <span class='ocrx_word' id='word_1_87' title='bbox 1351 1506 1409 1557; x_wconf 86' lang='lat' dir='ltr'>au·</span> 
     </span>
    </p>
   </div>
   <div class='ocr_carea' id='block_1_6' title="bbox 92 1575 1412 1676">
    <p class='ocr_par' dir='ltr' id='par_1_6' title="bbox 92 1575 1412 1676">
     <span class='ocr_line' id='line_1_12' title="bbox 92 1575 1412 1676; baseline 0 -23"><span class='ocrx_word' id='word_1_88' title='bbox 92 1663 93 1676; x_wconf 18' lang='lat'>¹</span> <span class='ocrx_word' id='word_1_89' title='bbox 209 1580 303 1668; x_wconf 87' lang='lat' dir='ltr'>lam,</span> <span class='ocrx_word' id='word_1_90' title='bbox 319 1578 447 1651; x_wconf 77' lang='lat' dir='ltr'>exiliis</span> <span class='ocrx_word' id='word_1_91' title='bbox 458 1575 1412 1673; x_wconf 77' lang='lat' dir='ltr'>primiceriis,Lampadariis,Latercultnlibua,atque</span> 
     </span>
    </p>
   </div>
   <div class='ocr_carea' id='block_1_7' title="bbox 207 1673 1413 2058">
    <p class='ocr_par' dir='ltr' id='par_1_7' title="bbox 207 1673 1413 2058">
     <span class='ocr_line' id='line_1_13' title="bbox 210 1673 1411 1749; baseline 0 -2"><span class='ocrx_word' id='word_1_92' title='bbox 210 1678 283 1748; x_wconf 89' lang='lat' dir='ltr'>alia</span> <span class='ocrx_word' id='word_1_93' title='bbox 310 1677 374 1747; x_wconf 86' lang='lat' dir='ltr'>ista</span> <span class='ocrx_word' id='word_1_94' title='bbox 392 1673 657 1747; x_wconf 86' lang='lat' dir='ltr'>Barbaricorum</span> <span class='ocrx_word' id='word_1_95' title='bbox 685 1676 866 1743; x_wconf 86' lang='lat' dir='ltr'>nominum</span> <span class='ocrx_word' id='word_1_96' title='bbox 890 1673 1017 1745; x_wconf 86' lang='lat' dir='ltr'>turba:</span> <span class='ocrx_word' id='word_1_97' title='bbox 1043 1673 1278 1749; x_wconf 86' lang='lat' dir='ltr'>difficillimum</span> <span class='ocrx_word' id='word_1_98' title='bbox 1310 1674 1411 1747; x_wconf 75' lang='lat' dir='ltr'>certe</span> 
     </span>
     <span class='ocr_line' id='line_1_14' title="bbox 207 1766 1410 1864; baseline -0.002 -19"><span class='ocrx_word' id='word_1_99' title='bbox 207 1768 341 1856; x_wconf 86' lang='lat' dir='ltr'>fuerit,</span> <span class='ocrx_word' id='word_1_100' title='bbox 364 1766 459 1864; x_wconf 87' lang='lat' dir='ltr'>ipsos</span> <span class='ocrx_word' id='word_1_101' title='bbox 503 1770 593 1841; x_wconf 89' lang='lat' dir='ltr'>inter</span> <span class='ocrx_word' id='word_1_102' title='bbox 627 1766 663 1841; x_wconf 84' lang='lat' dir='ltr'>se</span> <span class='ocrx_word' id='word_1_103' title='bbox 694 1767 897 1840; x_wconf 80' lang='lat' dir='ltr'>discernere</span> <span class='ocrx_word' id='word_1_104' title='bbox 948 1767 1058 1843; x_wconf 76' lang='lat' dir='ltr'>Undd</span> <span class='ocrx_word' id='word_1_105' title='bbox 1087 1770 1149 1857; x_wconf 89' lang='lat' dir='ltr'>lit,</span> <span class='ocrx_word' id='word_1_106' title='bbox 1184 1792 1224 1845; x_wconf 91' lang='lat' dir='ltr'>ut</span> <span class='ocrx_word' id='word_1_107' title='bbox 1247 1770 1410 1853; x_wconf 86' lang='lat' dir='ltr'>credam,</span> 
     </span>
     <span class='ocr_line' id='line_1_15' title="bbox 212 1864 1413 1962; baseline 0.002 -23"><span class='ocrx_word' id='word_1_108' title='bbox 212 1865 507 1962; x_wconf 86' lang='lat' dir='ltr'>quemadmodum</span> <span class='ocrx_word' id='word_1_109' title='bbox 523 1865 631 1937; x_wconf 91' lang='lat' dir='ltr'>hodie</span> <span class='ocrx_word' id='word_1_110' title='bbox 644 1864 826 1949; x_wconf 84' lang='lat' dir='ltr'>videmus,</span> <span class='ocrx_word' id='word_1_111' title='bbox 850 1864 970 1936; x_wconf 86' lang='lat' dir='ltr'>eadem</span> <span class='ocrx_word' id='word_1_112' title='bbox 988 1864 1084 1959; x_wconf 76' lang='lat' dir='ltr'>pend</span> <span class='ocrx_word' id='word_1_113' title='bbox 1104 1864 1241 1953; x_wconf 86' lang='lat' dir='ltr'>offitia,</span> <span class='ocrx_word' id='word_1_114' title='bbox 1267 1866 1413 1941; x_wconf 86' lang='lat' dir='ltr'>diverfis</span> 
     </span>
     <span class='ocr_line' id='line_1_16' title="bbox 209 1956 1409 2058; baseline -0.003 -21"><span class='ocrx_word' id='word_1_115' title='bbox 209 1964 414 2058; x_wconf 80' lang='lat' dir='ltr'>regionibus</span> <span class='ocrx_word' id='word_1_116' title='bbox 431 1956 565 2033; x_wconf 81' lang='lat' dir='ltr'>diversa</span> <span class='ocrx_word' id='word_1_117' title='bbox 579 1958 693 2033; x_wconf 87' lang='lat' dir='ltr'>sortiri</span> <span class='ocrx_word' id='word_1_118' title='bbox 713 1962 864 2033; x_wconf 79' lang='lat' dir='ltr'>nomina</span> <span class='ocrx_word' id='word_1_119' title='bbox 916 1956 969 2033; x_wconf 90' lang='lat' dir='ltr'>Ut</span> <span class='ocrx_word' id='word_1_120' title='bbox 991 1966 1144 2057; x_wconf 81' lang='lat' dir='ltr'>exempli</span> <span class='ocrx_word' id='word_1_121' title='bbox 1163 1964 1274 2056; x_wconf 85' lang='lat' dir='ltr'>gratia</span> <span class='ocrx_word' id='word_1_122' title='bbox 1299 1964 1409 2035; x_wconf 90' lang='lat' dir='ltr'>nomi·</span> 
     </span>
    </p>
   </div>
   <div class='ocr_carea' id='block_1_8' title="bbox 92 2054 1410 2142">
    <p class='ocr_par' dir='ltr' id='par_1_8' title="bbox 92 2054 1410 2142">
     <span class='ocr_line' id='line_1_17' title="bbox 92 2054 1410 2142; baseline -0.002 -9"><span class='ocrx_word' id='word_1_123' title='bbox 92 2099 93 2118; x_wconf 58' lang='lat'>1</span> <span class='ocrx_word' id='word_1_124' title='bbox 210 2082 295 2133; x_wconf 85' lang='lat' dir='ltr'>nem</span> <span class='ocrx_word' id='word_1_125' title='bbox 323 2058 557 2142; x_wconf 89' lang='lat' dir='ltr'>Ammannos‚</span> <span class='ocrx_word' id='word_1_126' title='bbox 582 2054 770 2137; x_wconf 83' lang='lat' dir='ltr'>Baillivos,</span> <span class='ocrx_word' id='word_1_127' title='bbox 808 2054 1028 2141; x_wconf 71' lang='lat' dir='ltr'>seiunctos,</span> <span class='ocrx_word' id='word_1_128' title='bbox 1061 2054 1265 2141; x_wconf 79' lang='lat' dir='ltr'>Droilatos,</span> <span class='ocrx_word' id='word_1_129' title='bbox 1304 2058 1410 2132; x_wconf 87' lang='lat' dir='ltr'>Sene·</span> 
     </span>
    </p>
   </div>
   <div class='ocr_carea' id='block_1_9' title="bbox 212 2149 1458 2246">
    <p class='ocr_par' dir='ltr' id='par_1_9' title="bbox 212 2149 1458 2246">
     <span class='ocr_line' id='line_1_18' title="bbox 212 2149 1458 2246; baseline -0.002 -18"><span class='ocrx_word' id='word_1_130' title='bbox 212 2152 383 2228; x_wconf 87' lang='lat' dir='ltr'>schallos:</span> <span class='ocrx_word' id='word_1_131' title='bbox 407 2149 455 2225; x_wconf 85' lang='lat' dir='ltr'>fic</span> <span class='ocrx_word' id='word_1_132' title='bbox 476 2152 580 2224; x_wconf 85' lang='lat' dir='ltr'>etiam</span> <span class='ocrx_word' id='word_1_133' title='bbox 598 2150 780 2245; x_wconf 67' lang='lat' dir='ltr'>Jullinioni</span> <span class='ocrx_word' id='word_1_134' title='bbox 793 2172 953 2246; x_wconf 81' lang='lat' dir='ltr'>tempore</span> <span class='ocrx_word' id='word_1_135' title='bbox 971 2151 1301 2227; x_wconf 83' lang='lat' dir='ltr'>accidillearbitrot.</span> <span class='ocrx_word' id='word_1_136' title='bbox 1335 2156 1409 2226; x_wconf 87' lang='lat' dir='ltr'>An·</span> <span class='ocrx_word' id='word_1_137' title='bbox 1456 2208 1458 2213; x_wconf 82' lang='lat'><em>.</em></span> 
     </span>
    </p>
   </div>
   <div class='ocr_carea' id='block_1_10' title="bbox 92 2245 1409 2345">
    <p class='ocr_par' dir='ltr' id='par_1_10' title="bbox 92 2245 1409 2345">
     <span class='ocr_line' id='line_1_19' title="bbox 92 2245 1409 2345; baseline -0.003 -22"><span class='ocrx_word' id='word_1_138' title='bbox 92 2297 93 2300; x_wconf 17' lang='grc' dir='ltr'>π</span> <span class='ocrx_word' id='word_1_139' title='bbox 210 2251 323 2345; x_wconf 73' lang='lat' dir='ltr'>tique</span> <span class='ocrx_word' id='word_1_140' title='bbox 342 2245 440 2323; x_wconf 74' lang='lat' dir='ltr'>certe</span> <span class='ocrx_word' id='word_1_141' title='bbox 457 2248 583 2321; x_wconf 83' lang='lat' dir='ltr'>Romae</span> <span class='ocrx_word' id='word_1_142' title='bbox 605 2248 643 2321; x_wconf 75' lang='grc' dir='ltr'>ἀ</span> <span class='ocrx_word' id='word_1_143' title='bbox 657 2247 767 2320; x_wconf 82' lang='lat' dir='ltr'>Italiae</span> <span class='ocrx_word' id='word_1_144' title='bbox 790 2247 936 2321; x_wconf 87' lang='lat' dir='ltr'>barbara</span> <span class='ocrx_word' id='word_1_145' title='bbox 964 2270 1005 2318; x_wconf 88' lang='lat' dir='ltr'>ea</span> <span class='ocrx_word' id='word_1_146' title='bbox 1023 2250 1163 2319; x_wconf 89' lang='lat' dir='ltr'>nomina</span> <span class='ocrx_word' id='word_1_147' title='bbox 1184 2270 1308 2343; x_wconf 81' lang='lat' dir='ltr'>parurn</span> <span class='ocrx_word' id='word_1_148' title='bbox 1325 2270 1409 2321; x_wconf 86' lang='lat' dir='ltr'>eon·</span> 
     </span>
    </p>
   </div>
   <div class='ocr_carea' id='block_1_11' title="bbox 211 2340 1415 2536">
    <p class='ocr_par' dir='ltr' id='par_1_11' title="bbox 211 2340 1415 2536">
     <span class='ocr_line' id='line_1_20' title="bbox 211 2340 1415 2439; baseline -0.002 -19"><span class='ocrx_word' id='word_1_149' title='bbox 211 2349 336 2420; x_wconf 88' lang='lat' dir='ltr'>venire</span> <span class='ocrx_word' id='word_1_150' title='bbox 361 2342 434 2420; x_wconf 79' lang='lat' dir='ltr'>visa</span> <span class='ocrx_word' id='word_1_151' title='bbox 455 2342 553 2437; x_wconf 59' lang='lat' dir='ltr'>sunlnv</span> <span class='ocrx_word' id='word_1_152' title='bbox 593 2342 663 2416; x_wconf 86' lang='lat' dir='ltr'>Sed</span> <span class='ocrx_word' id='word_1_153' title='bbox 696 2367 736 2416; x_wconf 87' lang='lat' dir='ltr'>ea</span> <span class='ocrx_word' id='word_1_154' title='bbox 760 2346 805 2417; x_wconf 91' lang='lat' dir='ltr'>ab</span> <span class='ocrx_word' id='word_1_155' title='bbox 833 2342 948 2428; x_wconf 78' lang='lat' dir='ltr'>Afrae,</span> <span class='ocrx_word' id='word_1_156' title='bbox 983 2340 1182 2437; x_wconf 84' lang='lat' dir='ltr'>Africaeque</span> <span class='ocrx_word' id='word_1_157' title='bbox 1209 2346 1415 2439; x_wconf 77' lang='lat' dir='ltr'>regionibus</span> 
     </span>
     <span class='ocr_line' id='line_1_21' title="bbox 212 2437 1414 2536; baseline 0 -21"><span class='ocrx_word' id='word_1_158' title='bbox 212 2440 555 2536; x_wconf 85' lang='lat' dir='ltr'>Constantinopolim</span> <span class='ocrx_word' id='word_1_159' title='bbox 570 2437 629 2511; x_wconf 85' lang='lat' dir='ltr'>seu</span> <span class='ocrx_word' id='word_1_160' title='bbox 647 2462 775 2513; x_wconf 84' lang='lat' dir='ltr'>novam</span> <span class='ocrx_word' id='word_1_161' title='bbox 793 2440 942 2513; x_wconf 86' lang='lat' dir='ltr'>Romam</span> <span class='ocrx_word' id='word_1_162' title='bbox 957 2438 1095 2513; x_wconf 69' lang='lat' dir='ltr'>inveda</span> <span class='ocrx_word' id='word_1_163' title='bbox 1111 2442 1266 2514; x_wconf 86' lang='lat' dir='ltr'>arbitror.</span> <span class='ocrx_word' id='word_1_164' title='bbox 1303 2440 1414 2515; x_wconf 82' lang='lat' dir='ltr'>Unde</span> 
     </span>
    </p>
   </div>
   <div class='ocr_carea' id='block_1_12' title="bbox 167 2534 1410 2631">
    <p class='ocr_par' dir='ltr' id='par_1_12' title="bbox 167 2534 1410 2631">
     <span class='ocr_line' id='line_1_22' title="bbox 167 2534 1410 2631; baseline -0.004 -16"><span class='ocrx_word' id='word_1_165' title='bbox 167 2611 170 2615; x_wconf 83' lang='lat'><em>.</em></span> <span class='ocrx_word' id='word_1_166' title='bbox 211 2538 251 2611; x_wconf 90' lang='lat' dir='ltr'>in</span> <span class='ocrx_word' id='word_1_167' title='bbox 278 2540 350 2610; x_wconf 87' lang='lat' dir='ltr'>hoe</span> <span class='ocrx_word' id='word_1_168' title='bbox 375 2540 568 2619; x_wconf 87' lang='lat' dir='ltr'>librorum,</span> <span class='ocrx_word' id='word_1_169' title='bbox 593 2557 684 2631; x_wconf 83' lang='lat' dir='ltr'>quos</span> <span class='ocrx_word' id='word_1_170' title='bbox 708 2538 882 2610; x_wconf 84' lang='lat' dir='ltr'>meditaris</span> <span class='ocrx_word' id='word_1_171' title='bbox 902 2537 1020 2630; x_wconf 84' lang='lat' dir='ltr'>plures</span> <span class='ocrx_word' id='word_1_172' title='bbox 1047 2534 1147 2629; x_wconf 78' lang='lat' dir='ltr'>hujus</span> <span class='ocrx_word' id='word_1_173' title='bbox 1174 2538 1334 2631; x_wconf 84' lang='lat' dir='ltr'>generis,</span> <span class='ocrx_word' id='word_1_174' title='bbox 1358 2538 1410 2610; x_wconf 90' lang='lat' dir='ltr'>in·</span> 
     </span>
    </p>
   </div>
   <div class='ocr_carea' id='block_1_13' title="bbox 93 2628 1410 2729">
    <p class='ocr_par' dir='ltr' id='par_1_13' title="bbox 93 2628 1410 2729">
     <span class='ocr_line' id='line_1_23' title="bbox 93 2628 1410 2729; baseline 0 -25"><span class='ocrx_word' id='word_1_175' title='bbox 93 2681 94 2690; x_wconf 23' lang='grc' dir='ltr'><strong>κ</strong></span> <span class='ocrx_word' id='word_1_176' title='bbox 210 2630 331 2727; x_wconf 80' lang='lat' dir='ltr'>greffu</span> <span class='ocrx_word' id='word_1_177' title='bbox 339 2682 352 2718; x_wconf 91' lang='lat'><em>,</em></span> <span class='ocrx_word' id='word_1_178' title='bbox 376 2634 520 2720; x_wconf 90' lang='lat' dir='ltr'>dubito,</span> <span class='ocrx_word' id='word_1_179' title='bbox 544 2654 627 2702; x_wconf 90' lang='lat' dir='ltr'>nom</span> <span class='ocrx_word' id='word_1_180' title='bbox 644 2631 740 2726; x_wconf 89' lang='lat' dir='ltr'>quod</span> <span class='ocrx_word' id='word_1_181' title='bbox 750 2649 867 2727; x_wconf 79' lang='lat' dir='ltr'>operae</span> <span class='ocrx_word' id='word_1_182' title='bbox 881 2632 1030 2727; x_wconf 87' lang='lat' dir='ltr'>pretium</span> <span class='ocrx_word' id='word_1_183' title='bbox 1046 2628 1215 2707; x_wconf 71' lang='lat' dir='ltr'>fastorum</span> <span class='ocrx_word' id='word_1_184' title='bbox 1225 2654 1260 2705; x_wconf 86' lang='lat' dir='ltr'>te</span> <span class='ocrx_word' id='word_1_185' title='bbox 1276 2656 1410 2729; x_wconf 89' lang='lat' dir='ltr'>putem.</span> 
     </span>
    </p>
   </div>
   <div class='ocr_carea' id='block_1_14' title="bbox 211 2724 1416 3017">
    <p class='ocr_par' dir='ltr' id='par_1_14' title="bbox 211 2724 1416 3017">
     <span class='ocr_line' id='line_1_24' title="bbox 211 2724 1416 2825; baseline 0.002 -25"><span class='ocrx_word' id='word_1_186' title='bbox 211 2728 336 2824; x_wconf 84' lang='lat' dir='ltr'>Quam</span> <span class='ocrx_word' id='word_1_187' title='bbox 362 2728 452 2800; x_wconf 88' lang='lat' dir='ltr'>enim</span> <span class='ocrx_word' id='word_1_188' title='bbox 476 2748 696 2822; x_wconf 74' lang='lat' dir='ltr'>promereare</span> <span class='ocrx_word' id='word_1_189' title='bbox 716 2729 853 2801; x_wconf 82' lang='lat' dir='ltr'>laudem</span> <span class='ocrx_word' id='word_1_190' title='bbox 869 2728 906 2799; x_wconf 92' lang='lat' dir='ltr'>in</span> <span class='ocrx_word' id='word_1_191' title='bbox 925 2724 1133 2800; x_wconf 85' lang='lat' dir='ltr'>illustrandis</span> <span class='ocrx_word' id='word_1_192' title='bbox 1157 2732 1218 2819; x_wconf 87' lang='lat' dir='ltr'>iis,</span> <span class='ocrx_word' id='word_1_193' title='bbox 1244 2752 1323 2825; x_wconf 82' lang='lat' dir='ltr'>quae</span> <span class='ocrx_word' id='word_1_194' title='bbox 1347 2750 1416 2825; x_wconf 87' lang='lat' dir='ltr'>per</span> 
     </span>
     <span class='ocr_line' id='line_1_25' title="bbox 212 2820 1411 2899; baseline 0.002 -2"><span class='ocrx_word' id='word_1_195' title='bbox 212 2823 249 2897; x_wconf 76' lang='lat' dir='ltr'>se</span> <span class='ocrx_word' id='word_1_196' title='bbox 267 2844 340 2897; x_wconf 90' lang='lat' dir='ltr'>tam</span> <span class='ocrx_word' id='word_1_197' title='bbox 355 2820 555 2898; x_wconf 75' lang='lat' dir='ltr'>obscurare</span> <span class='ocrx_word' id='word_1_198' title='bbox 570 2823 713 2895; x_wconf 77' lang='lat' dir='ltr'>barbara</span> <span class='ocrx_word' id='word_1_199' title='bbox 725 2821 830 2896; x_wconf 71' lang='lat' dir='ltr'>sunt?</span> <span class='ocrx_word' id='word_1_200' title='bbox 854 2823 927 2895; x_wconf 86' lang='lat' dir='ltr'>Aut</span> <span class='ocrx_word' id='word_1_201' title='bbox 942 2844 1005 2895; x_wconf 90' lang='lat' dir='ltr'>cur</span> <span class='ocrx_word' id='word_1_202' title='bbox 1015 2827 1204 2897; x_wconf 87' lang='lat' dir='ltr'>ornandam</span> <span class='ocrx_word' id='word_1_203' title='bbox 1221 2828 1284 2899; x_wconf 91' lang='lat' dir='ltr'>tibi</span> <span class='ocrx_word' id='word_1_204' title='bbox 1299 2824 1411 2899; x_wconf 83' lang='lat' dir='ltr'>sumas</span> 
     </span>
     <span class='ocr_line' id='line_1_26' title="bbox 213 2916 1410 3017; baseline 0.003 -25"><span class='ocrx_word' id='word_1_205' title='bbox 213 2916 487 3015; x_wconf 76' lang='lat' dir='ltr'>Rempublicam</span> <span class='ocrx_word' id='word_1_206' title='bbox 503 2920 552 2991; x_wconf 91' lang='lat' dir='ltr'>ita</span> <span class='ocrx_word' id='word_1_207' title='bbox 570 2918 776 2992; x_wconf 76' lang='lat' dir='ltr'>confusam?</span> <span class='ocrx_word' id='word_1_208' title='bbox 798 2917 880 2994; x_wconf 86' lang='lat' dir='ltr'>Nec</span> <span class='ocrx_word' id='word_1_209' title='bbox 903 2920 988 2993; x_wconf 83' lang='lat' dir='ltr'>mini</span> <span class='ocrx_word' id='word_1_210' title='bbox 1003 2920 1062 2993; x_wconf 90' lang='lat' dir='ltr'>hic</span> <span class='ocrx_word' id='word_1_211' title='bbox 1081 2920 1302 3017; x_wconf 79' lang='lat' dir='ltr'>Justinianum</span> <span class='ocrx_word' id='word_1_212' title='bbox 1323 2922 1410 3016; x_wconf 86' lang='lat' dir='ltr'>obji-</span> 
     </span>
    </p>
   </div>
   <div class='ocr_carea' id='block_1_15' title="bbox 94 3011 1416 3113">
    <p class='ocr_par' dir='ltr' id='par_1_15' title="bbox 94 3011 1416 3113">
     <span class='ocr_line' id='line_1_27' title="bbox 94 3011 1416 3113; baseline -0.002 -22"><span class='ocrx_word' id='word_1_213' title='bbox 94 3047 95 3052; x_wconf 63' lang='grc'>’</span> <span class='ocrx_word' id='word_1_214' title='bbox 154 3024 161 3036; x_wconf 81' lang='lat'>‘</span> <span class='ocrx_word' id='word_1_215' title='bbox 213 3018 305 3091; x_wconf 81' lang='lat' dir='ltr'>cias:</span> <span class='ocrx_word' id='word_1_216' title='bbox 330 3018 428 3109; x_wconf 80' lang='lat' dir='ltr'>cujus</span> <span class='ocrx_word' id='word_1_217' title='bbox 439 3011 501 3088; x_wconf 86' lang='lat' dir='ltr'>etfi</span> <span class='ocrx_word' id='word_1_218' title='bbox 521 3012 670 3087; x_wconf 86' lang='lat' dir='ltr'>studium</span> <span class='ocrx_word' id='word_1_219' title='bbox 684 3015 721 3086; x_wconf 91' lang='lat' dir='ltr'>in</span> <span class='ocrx_word' id='word_1_220' title='bbox 735 3016 869 3109; x_wconf 83' lang='lat' dir='ltr'>legibus</span> <span class='ocrx_word' id='word_1_221' title='bbox 886 3016 1083 3109; x_wconf 85' lang='lat' dir='ltr'>digerendis</span> <span class='ocrx_word' id='word_1_222' title='bbox 1101 3016 1321 3113; x_wconf 82' lang='lat' dir='ltr'>nonpoll&#39;um</span> <span class='ocrx_word' id='word_1_223' title='bbox 1338 3042 1416 3089; x_wconf 80' lang='lat' dir='ltr'>non</span> 
     </span>
    </p>
   </div>
   <div class='ocr_carea' id='block_1_16' title="bbox 203 3772 1422 3889">
    <p class='ocr_par' dir='ltr' id='par_1_16' title="bbox 203 3772 1422 3889">
     <span class='ocr_line' id='line_1_28' title="bbox 203 3772 1422 3889; baseline 0.001 -32"><span class='ocrx_word' id='word_1_224' title='bbox 203 3782 365 3889; x_wconf 15' lang='lat' dir='ltr'>‘multum</span> <span class='ocrx_word' id='word_1_225' title='bbox 380 3779 448 3853; x_wconf 83' lang='lat' dir='ltr'>hac</span> <span class='ocrx_word' id='word_1_226' title='bbox 464 3778 502 3853; x_wconf 87' lang='lat' dir='ltr'>iu</span> <span class='ocrx_word' id='word_1_227' title='bbox 517 3802 556 3853; x_wconf 91' lang='lat' dir='ltr'>re</span> <span class='ocrx_word' id='word_1_228' title='bbox 574 3778 718 3855; x_wconf 83' lang='lat' dir='ltr'>tribuas.</span> <span class='ocrx_word' id='word_1_229' title='bbox 770 3772 870 3872; x_wconf 83' lang='lat' dir='ltr'>Qpid</span> <span class='ocrx_word' id='word_1_230' title='bbox 902 3781 997 3857; x_wconf 87' lang='lat' dir='ltr'>enim</span> <span class='ocrx_word' id='word_1_231' title='bbox 1020 3802 1107 3872; x_wconf 89' lang='lat' dir='ltr'>nos,</span> <span class='ocrx_word' id='word_1_232' title='bbox 1142 3784 1203 3879; x_wconf 86' lang='lat' dir='ltr'>qui</span> <span class='ocrx_word' id='word_1_233' title='bbox 1228 3786 1319 3857; x_wconf 88' lang='lat' dir='ltr'>curis</span> <span class='ocrx_word' id='word_1_234' title='bbox 1344 3785 1422 3858; x_wconf 79' lang='lat' dir='ltr'>istis</span> 
     </span>
    </p>
   </div>
   <div class='ocr_carea' id='block_1_17' title="bbox 193 3108 1563 3207">
    <p class='ocr_par' dir='ltr' id='par_1_17' title="bbox 193 3108 1563 3207">
     <span class='ocr_line' id='line_1_29' title="bbox 193 3108 1563 3207; baseline 0.001 -22"><span class='ocrx_word' id='word_1_235' title='bbox 193 3155 197 3161; x_wconf 90' lang='lat'><em>-</em></span> <span class='ocrx_word' id='word_1_236' title='bbox 214 3110 368 3185; x_wconf 73' lang='lat' dir='ltr'>maxime</span> <span class='ocrx_word' id='word_1_237' title='bbox 381 3108 553 3204; x_wconf 82' lang='lat' dir='ltr'>probare,</span> <span class='ocrx_word' id='word_1_238' title='bbox 577 3124 647 3185; x_wconf 86' lang='lat' dir='ltr'>non</span> <span class='ocrx_word' id='word_1_239' title='bbox 664 3110 1013 3206; x_wconf 81' lang='lat' dir='ltr'>tamenidedneceile</span> <span class='ocrx_word' id='word_1_240' title='bbox 1029 3110 1141 3186; x_wconf 88' lang='lat' dir='ltr'>habeo</span> <span class='ocrx_word' id='word_1_241' title='bbox 1157 3110 1278 3196; x_wconf 81' lang='lat' dir='ltr'>fateri,</span> <span class='ocrx_word' id='word_1_242' title='bbox 1304 3112 1414 3207; x_wconf 83' lang='lat' dir='ltr'>ipsius</span> <span class='ocrx_word' id='word_1_243' title='bbox 1558 3192 1563 3201; x_wconf 66' lang='grc'><em>,</em></span> 
     </span>
    </p>
   </div>
   <div class='ocr_carea' id='block_1_18' title="bbox 212 3205 1520 3782">
    <p class='ocr_par' dir='ltr' id='par_1_18' title="bbox 212 3205 1520 3782">
     <span class='ocr_line' id='line_1_30' title="bbox 213 3205 1412 3306; baseline -0.002 -25"><span class='ocrx_word' id='word_1_244' title='bbox 213 3228 316 3281; x_wconf 77' lang='lat' dir='ltr'>etate</span> <span class='ocrx_word' id='word_1_245' title='bbox 337 3205 606 3301; x_wconf 86' lang='lat' dir='ltr'>Rempublicam</span> <span class='ocrx_word' id='word_1_246' title='bbox 621 3230 761 3301; x_wconf 90' lang='lat' dir='ltr'>quoque</span> <span class='ocrx_word' id='word_1_247' title='bbox 775 3208 1001 3306; x_wconf 74' lang='lat' dir='ltr'>preclarius,</span> <span class='ocrx_word' id='word_1_248' title='bbox 1028 3208 1131 3303; x_wconf 71' lang='lat' dir='ltr'>quim</span> <span class='ocrx_word' id='word_1_249' title='bbox 1147 3209 1206 3281; x_wconf 86' lang='lat' dir='ltr'>sub</span> <span class='ocrx_word' id='word_1_250' title='bbox 1223 3212 1334 3281; x_wconf 88' lang='lat' dir='ltr'>veteri</span> <span class='ocrx_word' id='word_1_251' title='bbox 1349 3212 1412 3281; x_wconf 90' lang='lat' dir='ltr'>im-</span> 
     </span>
     <span class='ocr_line' id='line_1_31' title="bbox 212 3295 1410 3397; baseline -0.001 -21"><span class='ocrx_word' id='word_1_252' title='bbox 212 3304 341 3397; x_wconf 82' lang='lat' dir='ltr'>perio,</span> <span class='ocrx_word' id='word_1_253' title='bbox 376 3300 472 3397; x_wconf 81' lang='lat' dir='ltr'>&#39;quod</span> <span class='ocrx_word' id='word_1_254' title='bbox 503 3325 525 3373; x_wconf 88' lang='lat' dir='ltr'>a</span> <span class='ocrx_word' id='word_1_255' title='bbox 561 3295 774 3377; x_wconf 81' lang='lat' dir='ltr'>Consulibus</span> <span class='ocrx_word' id='word_1_256' title='bbox 804 3299 850 3375; x_wconf 85' lang='lat' dir='ltr'>ad</span> <span class='ocrx_word' id='word_1_257' title='bbox 881 3297 1035 3375; x_wconf 75' lang='lat' dir='ltr'>Cesarea</span> <span class='ocrx_word' id='word_1_258' title='bbox 1061 3300 1286 3375; x_wconf 82' lang='lat' dir='ltr'>transmillum</span> <span class='ocrx_word' id='word_1_259' title='bbox 1321 3303 1410 3393; x_wconf 79' lang='lat' dir='ltr'>fuit,</span> 
     </span>
     <span class='ocr_line' id='line_1_32' title="bbox 213 3393 1414 3495; baseline 0.001 -23"><span class='ocrx_word' id='word_1_260' title='bbox 213 3396 439 3472; x_wconf 76' lang='lat' dir='ltr'>constitutam</span> <span class='ocrx_word' id='word_1_261' title='bbox 453 3393 566 3471; x_wconf 82' lang='lat' dir='ltr'>frilre.</span> <span class='ocrx_word' id='word_1_262' title='bbox 618 3396 668 3469; x_wconf 82' lang='lat' dir='ltr'>Et</span> <span class='ocrx_word' id='word_1_263' title='bbox 686 3397 782 3470; x_wconf 73' lang='lat' dir='ltr'>certe</span> <span class='ocrx_word' id='word_1_264' title='bbox 798 3398 877 3495; x_wconf 84' lang='lat' dir='ltr'>post</span> <span class='ocrx_word' id='word_1_265' title='bbox 892 3400 1017 3482; x_wconf 57' lang='lat' dir='ltr'>illumi</span> <span class='ocrx_word' id='word_1_266' title='bbox 1037 3395 1112 3489; x_wconf 73' lang='lat' dir='ltr'>five</span> <span class='ocrx_word' id='word_1_267' title='bbox 1128 3398 1190 3471; x_wconf 85' lang='lat' dir='ltr'>ista</span> <span class='ocrx_word' id='word_1_268' title='bbox 1218 3396 1414 3473; x_wconf 85' lang='lat' dir='ltr'>officiorum</span> 
     </span>
     <span class='ocr_line' id='line_1_33' title="bbox 212 3482 1413 3593; baseline 0.003 -26"><span class='ocrx_word' id='word_1_269' title='bbox 212 3491 440 3580; x_wconf 82' lang='lat' dir='ltr'>confussone,</span> <span class='ocrx_word' id='word_1_270' title='bbox 463 3486 533 3566; x_wconf 84' lang='lat' dir='ltr'>five</span> <span class='ocrx_word' id='word_1_271' title='bbox 551 3484 617 3562; x_wconf 83' lang='lat' dir='ltr'>alia</span> <span class='ocrx_word' id='word_1_272' title='bbox 645 3489 808 3587; x_wconf 88' lang='lat' dir='ltr'>quapiam</span> <span class='ocrx_word' id='word_1_273' title='bbox 824 3489 921 3566; x_wconf 84' lang='lat' dir='ltr'>fatali</span> <span class='ocrx_word' id='word_1_274' title='bbox 937 3485 1061 3579; x_wconf 82' lang='lat' dir='ltr'>causa,</span> <span class='ocrx_word' id='word_1_275' title='bbox 1087 3514 1107 3563; x_wconf 87' lang='lat' dir='ltr'>a</span> <span class='ocrx_word' id='word_1_276' title='bbox 1124 3488 1266 3589; x_wconf 87' lang='lat' dir='ltr'>pristina</span> <span class='ocrx_word' id='word_1_277' title='bbox 1284 3482 1413 3593; x_wconf 82' lang='lat' dir='ltr'>magni·</span> 
     </span>
     <span class='ocr_line' id='line_1_34' title="bbox 212 3586 1422 3683; baseline 0.002 -18"><span class='ocrx_word' id='word_1_278' title='bbox 212 3591 336 3665; x_wconf 75' lang='lat' dir='ltr'>moine</span> <span class='ocrx_word' id='word_1_279' title='bbox 360 3590 502 3662; x_wconf 81' lang='lat' dir='ltr'>ex&#39;cidit.</span> <span class='ocrx_word' id='word_1_280' title='bbox 551 3586 726 3674; x_wconf 83' lang='lat' dir='ltr'>Voluisti,</span> <span class='ocrx_word' id='word_1_281' title='bbox 751 3589 799 3660; x_wconf 92' lang='lat' dir='ltr'>mi</span> <span class='ocrx_word' id='word_1_282' title='bbox 822 3589 983 3680; x_wconf 77' lang='lat' dir='ltr'>Hippare,</span> <span class='ocrx_word' id='word_1_283' title='bbox 1008 3588 1139 3683; x_wconf 84' lang='lat' dir='ltr'>aliquid</span> <span class='ocrx_word' id='word_1_284' title='bbox 1154 3611 1213 3665; x_wconf 81' lang='lat' dir='ltr'>me</span> <span class='ocrx_word' id='word_1_285' title='bbox 1237 3592 1353 3666; x_wconf 86' lang='lat' dir='ltr'>dicere</span> <span class='ocrx_word' id='word_1_286' title='bbox 1369 3594 1422 3667; x_wconf 80' lang='lat' dir='ltr'>de</span> 
     </span>
     <span class='ocr_line' id='line_1_35' title="bbox 214 3682 1520 3782; baseline 0.003 -22"><span class='ocrx_word' id='word_1_287' title='bbox 214 3686 287 3760; x_wconf 88' lang='lat' dir='ltr'>tuis</span> <span class='ocrx_word' id='word_1_288' title='bbox 310 3683 381 3755; x_wconf 85' lang='lat' dir='ltr'>istis</span> <span class='ocrx_word' id='word_1_289' title='bbox 398 3683 724 3759; x_wconf 84' lang='lat' dir='ltr'>Lucubrationibus.</span> <span class='ocrx_word' id='word_1_290' title='bbox 772 3682 1021 3758; x_wconf 87' lang='lat' dir='ltr'>Verumtamen</span> <span class='ocrx_word' id='word_1_291' title='bbox 1041 3687 1147 3759; x_wconf 89' lang='lat' dir='ltr'>nolim</span> <span class='ocrx_word' id='word_1_292' title='bbox 1178 3688 1420 3782; x_wconf 75' lang='lat' dir='ltr'>meoiudicio</span> <span class='ocrx_word' id='word_1_293' title='bbox 1515 3756 1520 3764; x_wconf 93' lang='lat'><em>.</em></span> 
     </span>
    </p>
   </div>
   <div class='ocr_carea' id='block_1_19' title="bbox 1307 3902 1414 3977">
    <p class='ocr_par' dir='ltr' id='par_1_19' title="bbox 1307 3902 1414 3977">
     <span class='ocr_line' id='line_1_36' title="bbox 1307 3902 1414 3977; baseline -0.056 -16"><span class='ocrx_word' id='word_1_294' title='bbox 1307 3902 1414 3977; x_wconf 81' lang='lat' dir='ltr'>nego-</span> 
     </span>
    </p>
   </div>
   <div class='ocr_carea' id='block_1_20' title="bbox 212 4036 1424 4471">
    <p class='ocr_par' dir='ltr' id='par_1_20' title="bbox 212 4036 1418 4307">
     <span class='ocr_line' id='line_1_37' title="bbox 253 4036 1418 4137; baseline 0.007 -25"><span class='ocrx_word' id='word_1_295' title='bbox 253 4046 320 4137; x_wconf 83' lang='lat'>(1)</span> <span class='ocrx_word' id='word_1_296' title='bbox 340 4047 490 4122; x_wconf 76' lang='lat' dir='ltr'>Libellum</span> <span class='ocrx_word' id='word_1_297' title='bbox 519 4045 553 4111; x_wconf 80' lang='lat' dir='ltr'>de</span> <span class='ocrx_word' id='word_1_298' title='bbox 578 4036 829 4134; x_wconf 68' lang='lat' dir='ltr'>Mugillrariiur]</span> <span class='ocrx_word' id='word_1_299' title='bbox 859 4044 931 4116; x_wconf 88' lang='lat' dir='ltr'>Hic</span> <span class='ocrx_word' id='word_1_300' title='bbox 963 4045 1033 4117; x_wconf 81' lang='lat' dir='ltr'>non</span> <span class='ocrx_word' id='word_1_301' title='bbox 1057 4050 1236 4119; x_wconf 85' lang='lat' dir='ltr'>invenitur</span> <span class='ocrx_word' id='word_1_302' title='bbox 1255 4052 1292 4118; x_wconf 82' lang='lat' dir='ltr'>in</span> <span class='ocrx_word' id='word_1_303' title='bbox 1315 4052 1418 4124; x_wconf 76' lang='lat' dir='ltr'>edilis</span> 
     </span>
     <span class='ocr_line' id='line_1_38' title="bbox 217 4127 1418 4217; baseline 0.005 -20"><span class='ocrx_word' id='word_1_304' title='bbox 217 4127 350 4217; x_wconf 70' lang='lat' dir='ltr'>lloppm</span> <span class='ocrx_word' id='word_1_305' title='bbox 366 4132 546 4217; x_wconf 76' lang='lat' dir='ltr'>operibus,</span> <span class='ocrx_word' id='word_1_306' title='bbox 570 4146 638 4199; x_wconf 84' lang='lat' dir='ltr'>nec</span> <span class='ocrx_word' id='word_1_307' title='bbox 658 4133 701 4199; x_wconf 87' lang='lat' dir='ltr'>de</span> <span class='ocrx_word' id='word_1_308' title='bbox 715 4145 758 4199; x_wconf 89' lang='lat' dir='ltr'>eo</span> <span class='ocrx_word' id='word_1_309' title='bbox 775 4134 1011 4199; x_wconf 74' lang='lat' dir='ltr'>meminerunt</span> <span class='ocrx_word' id='word_1_310' title='bbox 1022 4130 1168 4213; x_wconf 70' lang='lat' dir='ltr'>Murem,</span> <span class='ocrx_word' id='word_1_311' title='bbox 1191 4131 1331 4205; x_wconf 76' lang='lat' dir='ltr'>Valet-lto</span> <span class='ocrx_word' id='word_1_312' title='bbox 1346 4136 1418 4203; x_wconf 80' lang='lat' dir='ltr'>An·</span> 
     </span>
     <span class='ocr_line' id='line_1_39' title="bbox 212 4214 1303 4307; baseline 0.007 -27"><span class='ocrx_word' id='word_1_313' title='bbox 212 4214 305 4281; x_wconf 55' lang='lat' dir='ltr'>&amp;eur</span> <span class='ocrx_word' id='word_1_314' title='bbox 324 4231 383 4284; x_wconf 84' lang='lat' dir='ltr'>aut</span> <span class='ocrx_word' id='word_1_315' title='bbox 403 4215 559 4297; x_wconf 74' lang='lat' dir='ltr'>suffridus</span> <span class='ocrx_word' id='word_1_316' title='bbox 573 4216 678 4307; x_wconf 78' lang='lat' dir='ltr'>Petri,</span> <span class='ocrx_word' id='word_1_317' title='bbox 698 4217 759 4300; x_wconf 82' lang='lat' dir='ltr'>qui</span> <span class='ocrx_word' id='word_1_318' title='bbox 775 4234 890 4301; x_wconf 85' lang='lat' dir='ltr'>tamen</span> <span class='ocrx_word' id='word_1_319' title='bbox 918 4216 963 4282; x_wconf 91' lang='lat' dir='ltr'>de</span> <span class='ocrx_word' id='word_1_320' title='bbox 983 4218 1120 4284; x_wconf 85' lang='lat' dir='ltr'>ineditis</span> <span class='ocrx_word' id='word_1_321' title='bbox 1140 4220 1303 4302; x_wconf 85' lang='lat' dir='ltr'>loquitur.</span> 
     </span>
    </p>

    <p class='ocr_par' dir='ltr' id='par_1_21' title="bbox 216 4297 1424 4471">
     <span class='ocr_line' id='line_1_40' title="bbox 254 4297 1424 4394; baseline 0.004 -30"><span class='ocrx_word' id='word_1_322' title='bbox 254 4297 325 4393; x_wconf 62' lang='lat' dir='ltr'>(a)</span> <span class='ocrx_word' id='word_1_323' title='bbox 347 4297 498 4382; x_wconf 69' lang='grc' dir='ltr'>ὡνὲαηι]</span> <span class='ocrx_word' id='word_1_324' title='bbox 520 4298 689 4394; x_wconf 76' lang='lat' dir='ltr'>Cariaest</span> <span class='ocrx_word' id='word_1_325' title='bbox 710 4302 805 4386; x_wconf 76' lang='lat' dir='ltr'>regio</span> <span class='ocrx_word' id='word_1_326' title='bbox 832 4301 979 4394; x_wconf 77' lang='lat' dir='ltr'>minoris</span> <span class='ocrx_word' id='word_1_327' title='bbox 993 4300 1081 4366; x_wconf 76' lang='lat' dir='ltr'>Alrae</span> <span class='ocrx_word' id='word_1_328' title='bbox 1101 4302 1193 4369; x_wconf 82' lang='lat' dir='ltr'>inter</span> <span class='ocrx_word' id='word_1_329' title='bbox 1209 4304 1353 4391; x_wconf 82' lang='lat' dir='ltr'>Lyciam</span> <span class='ocrx_word' id='word_1_330' title='bbox 1379 4302 1424 4369; x_wconf 69' lang='lat' dir='ltr'>de</span> 
     </span>
     <span class='ocr_line' id='line_1_41' title="bbox 216 4379 1392 4471; baseline 0.003 -20"><span class='ocrx_word' id='word_1_331' title='bbox 216 4379 373 4468; x_wconf 83' lang='lat' dir='ltr'>luuram,</span> <span class='ocrx_word' id='word_1_332' title='bbox 388 4384 548 4471; x_wconf 79' lang='lat' dir='ltr'>quaejam</span> <span class='ocrx_word' id='word_1_333' title='bbox 566 4384 693 4454; x_wconf 80' lang='lat' dir='ltr'>Ttrrcis</span> <span class='ocrx_word' id='word_1_334' title='bbox 713 4398 835 4471; x_wconf 85' lang='lat' dir='ltr'>paret,</span> <span class='ocrx_word' id='word_1_335' title='bbox 857 4382 955 4455; x_wconf 72' lang='lat' dir='ltr'>dista·</span> <span class='ocrx_word' id='word_1_336' title='bbox 972 4382 1392 4457; x_wconf 60' lang='lat' dir='ltr'>materiammaterial.</span> 
     </span>
    </p>
   </div>
   <div class='ocr_carea' id='block_1_21' title="bbox 0 0 1989 5167">
    <p class='ocr_par' dir='ltr' id='par_1_22' title="bbox 0 0 1989 5167">
     <span class='ocr_line' id='line_1_42' title="bbox 0 0 1989 5167; baseline 0 0"><span class='ocrx_word' id='word_1_337' title='bbox 0 0 1989 5167; x_wconf 95' lang='lat' dir='ltr'> </span> 
     </span>
    </p>
   </div>
  </div>
 </body>
</html>
