3967 5167
655 239 674 280 N

519 448 867 579 244v1ou11
902 474 969 544 nn
1001 448 1271 544 aYT‘rA
1299 442 1690 586 zuicuuni

520 650 628 709 aetate
652 630 768 707 facere
791 630 880 703 mihi
908 628 1096 703 videberis.
1144 628 1219 703 Sed
1248 626 1430 724 precipue
1457 627 1638 709 Drmiam
1662 632 1729 707 tibi

527 727 768 812 commendo,
800 728 1105 822 optimumatque
1129 726 1386 804 amenissimum
1419 726 1588 819 loquendi
1620 727 1728 823 magi

494 834 502 851 “
525 827 643 901 llrunr.
665 904 669 909 ,
695 824 823 899 Tettio
838 827 920 897 loco
942 820 1111 907 scribendi
1128 821 1225 895 usum
1244 844 1350 917 atque
1369 825 1658 901 exercitationem
1672 826 1731 899 de:

526 923 695 1012 fideravi‚
721 922 815 995 unde
833 923 1021 1005 maximum
1040 916 1217 1013 profe&us
1233 916 1409 1013 specimen
1438 921 1621 1012 accipitur.
1660 920 1730 996 Ita·

474 1040 479 1055 ’
522 1046 595 1116 ,que
613 1044 655 1095 ea
673 1043 754 1115 pars
780 1018 1004 1096 institutionis
1028 1017 1211 1101 haud‘tibi
1237 1014 1446 1108 negligenda
1471 1019 1547 1090 erit.
1597 1015 1730 1092 Prinei·
1848 1036 1853 1042 ·

502 1197 506 1207 s
556 1141 589 1189 io
620 1121 736 1201 verb,
769 1116 842 1209 qud
871 1114 939 1185 uni
972 1111 1163 1206 eademque
1187 1113 1294 1207 opetit
1321 1112 1481 1185 Latinam
1507 1112 1544 1184 δι
1576 1109 1731 1189 Italicam

527 1142 701 1325 iiinguanr
719 1212 953 1379 'discathcura
971 1212 1003 1281 ei
1016 1208 1202 1380 lltulicum
1218 1208 1630 1384 aliqueuhsslibellktlignuag
1657 1211 1735 1382 Ἣ

526 1311 1361 1505 ililllzliilldl‘’liiiilllliidi
1385 1329 1453 1476 ii
1466 1329 1734 1495 {miiaiin-

376 1544 379 1549 -
529 1504 583 1579 tib
610 1503 748 1580 inierit
773 1501 934 1586 difficile,
959 1521 999 1573 tu
1028 1520 1223 1593 perunum
1251 1496 1401 1585 mensem
1414 1520 1494 1573 eum
1518 1500 1667 1594 adjuva,
1688 1504 1733 1578 ‚dt

530 1598 623 1697 qnafi
646 1620 762 1673 natare
783 1600 897 1673 adbuc
918 1594 1082 1671 nescienti
1107 1596 1212 1676 suber
1231 1593 1451 1671 &corticem
1476 1594 1616 1691 suince.
1642 1596 1732 1670 Ver·

531 1700 580 1772 ba
598 1695 723 1770 Latina
737 1716 816 1793 quae
834 1693 1011 1789 ignorabit
1022 1691 1227 1787 suppedita,
1253 1714 1294 1767 ea
1316 1690 1390 1786 ipso
1407 1693 1444 1765 in
1461 1714 1656 1787 congruum
1675 1718 1732 1767 or·

530 1797 649 1869 dinem
682 1788 867 1867 secundum
901 1790 1157 1863 Grammatices
1186 1810 1365 1887 praecepta
1389 1810 1602 1882 componere
1625 1792 1733 1885 jube,

532 1890 591 1975 dt,
617 1888 640 1960 fi
667 1891 704 1962 id
731 1887 937 1984 ignorabit,
968 1888 1128 1959 lubenter
1150 1882 1405 1982 praemonstra,
1441 1888 1514 1979 qud
1539 1907 1611 1962 non
1634 1890 1734 1963 dete*

466 1990 486 2069 ,’
530 2008 648 2073 ceatur
673 1986 716 2071 ab
745 1983 884 2063 insolito
904 1984 941 2056 dt
962 1981 1096 2056 difficili
1121 1986 1267 2073 labore,
1290 1985 1327 2057 dt
1344 1980 1442 2058 fimul
1460 1984 1632 2061 scribendi
1657 1984 1737 2063 usui

532 2081 705 2157 assuescat.
758 2082 902 2154 Moneri
927 2078 1026 2164 cette
1050 2101 1112 2152 tuo
1135 2103 1207 2153 non
1222 2082 1366 2153 omnino
1392 2081 1481 2151 male
1503 2078 1735 2171 satisfeceris,

533 2178 648 2275 fiper
673 2179 827 2275 singulos
852 2178 928 2249 dies
947 2174 1159 2272 praescriptis
1188 2177 1302 2249 modis
1324 2175 1437 2252 lludia
1463 2176 1536 2271 ejus
1560 2178 1734 2255 formave·

532 2278 591 2359 tis.
643 2275 800 2349 Tantitm
816 2296 902 2371 ergo
919 2274 955 2345 in
978 2294 1013 2345 te
1027 2272 1128 2347 situm
1143 2275 1190 2346 est
1200 2324 1212 2361 ,
1239 2296 1279 2348 ut
1298 2272 1492 2367 susceptam
1508 2279 1731 2371 provinciam

533 2375 688 2468 graviter
705 2373 821 2447 obeat.
871 2370 911 2444 Si
928 2392 1036 2454 unum
1052 2366 1184 2446 duosve
1197 2373 1270 2445 dies
1288 2368 1478 2452 remiseris,
1503 2374 1623 2465 quibus
1643 2376 1732 2451 ado·

532 2469 716 2545 lescentem
731 2470 795 2543 tibi
811 2466 1026 2543 commissum
1041 2466 1159 2553 feriari
1177 2466 1316 2548 fiveris:
1343 2467 1437 2542 haud
1452 2468 1501 2540 ita
1518 2468 1618 2543 facile
1635 2472 1734 2546 deiu-

533 2590 618 2663 ceps
642 2566 756 2639 rursus
781 2566 817 2637 in
845 2566 939 2638 viam
965 2588 1045 2639 eum
1069 2568 1261 2642 reduxeris.
1311 2562 1556 2652 Quamobrem
1587 2565 1737 2655 finein·

534 2664 739 2739 tenniffione
769 2664 847 2740 haec
872 2682 982 2754 opera
1004 2661 1068 2733 tibi
1090 2662 1330 2739 continuantia
1346 2663 1423 2733 erin
1474 2661 1588 2753 Quod
1614 2667 1660 2739 ed
1685 2664 1737 2738 fa·

536 2762 628 2847 cito,
646 2761 694 2833 mi
715 2760 861 2852 Joanart
876 2760 1014 2852 Georgi,
1039 2759 1261 2853 diligentius,
1287 2758 1439 2852 quotibi
1457 2760 1518 2831 isle
1537 2760 1736 2837 adolescens

536 2857 663 2929 atilius
685 2850 856 2950 junblus,
890 2875 996 2948 atque
1031 2854 1167 2929 fidelius
1200 2856 1470 2929 commendatus·
1492 2853 1553 2930 est.
1604 2855 1737 2935 Et'hic

538 2951 637 3027 certe
654 2950 753 3025 labor
772 2950 864 3023 haud
880 2950 941 3023 diu
958 2950 1023 3023 tibi
1040 2950 1231 3026 incumbet.
1281 2951 1523 3045 Quamobrem
1542 2951 1738 3029 molestiam

536 3047 682 3145 injuncti
701 3050 835 3133 oneris,
861 3050 1029 3141 temporis
1052 3049 1225 3133 brevitate
1253 3048 1327 3143 ipse
1342 3048 1437 3143 apud
1456 3070 1555 3121 tuum
1582 3052 1738 3127 animum

537 3150 677 3242 mitiga,
702 3144 813 3239 eique
839 3143 883 3215 de
909 3143 1011 3220 causa
1036 3144 1184 3240 idipsum
1214 3146 1376 3229 alacrius,
1391 3146 1658 3241 diligentiusque
1686 3148 1738 3227 su·⁴

539 3241 626 3315 stine
651 3243 688 3317 &
707 3238 848 3336 perfice.
900 3239 993 3333 Quae
1019 3243 1062 3314 de
1088 3245 1158 3313 tuis
1182 3240 1374 3315 rationibus
1398 3264 1494 3313 antea
1522 3244 1564 3314 ad
1598 3266 1634 3315 te
1657 3242 1737 3317 scri·

429 3362 431 3368 ·
541 3338 610 3436 pfi,
627 3340 714 3412 nihil
732 3360 821 3433 opus
840 3334 913 3425 esse¹
924 3339 1081 3410 existimo
1096 3340 1155 3411 hic
1172 3357 1344 3433 repetere.
1364 3414 1368 3421 ,
1394 3334 1551 3409 'santum
1566 3357 1602 3411 te
1615 3340 1744 3415 hortor
1884 3405 1885 3412 ,

541 3460 651 3530 atque
672 3459 757 3523 oro,
783 3452 823 3503 ut
846 3454 939 3506 meas
965 3435 1143 3509 interdum
1162 3434 1280 3507 literas
1303 3435 1457 3531 relegas,
1482 3458 1594 3531 eaque
1628 3434 1738 3511 facias

543 3554 622 3631 quae
650 3534 686 3607 &
716 3550 750 3602 te
775 3530 879 3625 digna
901 3528 978 3621 sunt
996 3584 1012 3620 ,
1036 3532 1073 3605 δι
1096 3552 1177 3625 quae
1206 3552 1261 3616 me
1285 3528 1425 3603 summis
1449 3534 1542 3605 votis
1568 3544 1741 3629 exoptare

543 3651 614 3703 non
633 3632 783 3727 ignoras.
834 3625 970 3701 Senties
997 3650 1150 3701 menon
1175 3628 1358 3723 vulgarem
1382 3627 1447 3700 tibi
1475 3630 1622 3701 amicum
1647 3624 1741 3717 effe,

544 3726 582 3801 dt
606 3750 664 3801 me*
689 3722 821 3819 aliquid
853 3724 946 3817 apud
982 3746 1163 3819 parentem
1189 3743 1286 3795 tuum
1311 3744 1417 3818 atque
1439 3726 1526 3797 alios
1552 3724 1683 3821 posse,
1714 3725 1741 3799 fi
1884 3777 1885 3796 ,

543 3822 654 3898 modo
679 3824 783 3895 talem
813 3842 848 3891 te
873 3822 1091 3914 ptaestiteris,
1118 3824 1257 3915 qualem
1277 3842 1346 3915 ego
1369 3816 1529 3896 desidero
1555 3818 1595 3895 tit
1623 3820 1740 3919 spero.

543 3917 791 3997 Valetudinem
833 3936 939 4011 atque
971 3915 1086 3990 studia
1120 3939 1181 3990 tua
1214 3940 1298 3990 cura
1319 3918 1541 4011 diligenter,
1575 3916 1615 3991 ἃ
1642 3921 1740 4015 quod

543 4012 657 4087 sansle
675 4016 853 4108 pollicitus
873 4036 910 4086 es
933 4010 1083 4110 praesta,
1108 4016 1145 4087 id
1170 4013 1219 4085 eli
1241 4012 1444 4109 frequenter
1467 4014 1512 4089 ad
1537 4037 1595 4089 me
1615 4015 1741 4093 scribe.
1884 4101 1885 4128 χ

545 4110 664 4187 Saluta
691 4109 852 4185 Ulriclum
877 4130 986 4187 tuum.
1011 4110 1129 4210 Spirae
1152 4132 1208 4201 14.
1233 4112 1327 4186 Maia·
1350 4132 1442 4185 anno
1467 4131 1573 4207 1532.

1530 4388 1534 4396 ⁴
1633 4394 1745 4481 EPI-
