3967 5167
540 474 628 571 28⁶
656 466 893 569 urotu
923 486 994 589 ¹m
1025 459 1295 558 Arrun
1325 458 1692 559 zurcrrnur

541 644 657 725 uisum
677 644 727 725 est
746 648 832 723 milti
853 646 1033 744 pristinum
1049 642 1166 720 rursue
1179 658 1320 719 tenure
1343 641 1456 731 viam,
1482 661 1566 715 nuru
1582 642 1753 720 videlicet

547 748 774 823 messueris
788 765 868 820 tuas
885 745 1028 820 tandem
1045 742 1233 841 aliquando
1249 759 1373 837 queam
1391 756 1492 813 extor
1518 762 1611 821 uere.
1636 741 1754 818 Haud

547 844 743 919 coimmihi
758 840 965 942 persuadere
983 838 1119 940 possum
1132 870 1154 929 ,·
1167 838 1227 913 vel
1252 838 1396 912 omnino
1422 854 1458 910 te
1484 862 1510 911 o
1534 838 1635 914 litum
1654 842 1752 929 mei,
1794 893 1798 899 -

544 942 608 1015 nel
626 942 751 1018 iratum
774 941 880 1030 mihi,
906 938 987 1015 culm
1014 938 1142 1019 nullium
1169 935 1254 1010 mibi
1282 931 1344 1007 sun
1367 934 1482 1032 culpae
1508 934 1683 1023 conscius,
1709 935 1753 1010 δι

549 1034 721 1113 summum
746 1036 819 1137 ipse
848 1038 974 1112 amoris
1005 1060 1044 1110 er
1068 1057 1088 1108 a
1118 1055 1153 1109 te
1181 1030 1408 1107 constantiam
1434 1032 1472 1103 in
1507 1034 1604 1107 bunc
1641 1029 1753 1131 usque

549 1136 642 1209 diem
666 1156 741 1233 prae
764 1158 820 1209 me
842 1136 1004 1221 tulerim,
1083 1130 1313 1229 prestiterim
1336 1176 1340 1185 -
1363 1124 1465 1217 Quid
1477 1129 1584 1227 igitur
1605 1130 1654 1205 esi
1666 1155 1752 1223 cau·

546 1229 593 1303 sae
616 1232 714 1327 quod
740 1232 998 1305 Fascomonttuut
1022 1248 1093 1303 tam
1117 1225 1224 1303 arcta
1246 1225 1483 1321 fraternaque
1515 1227 1752 1325 amicitiaeffut

547 1326 685 1405 silentio
701 1329 859 1405 relaxat?
885 1328 942 1400 An
959 1326 1062 1401 isthic
1076 1326 1143 1400 tibi
1156 1339 1253 1399 tauta
1275 1323 1436 1418 negotia,
1460 1342 1515 1397 tot
1529 1322 1752 1401 altamcum-

546 1424 663 1499 bonet
687 1426 738 1499 At
761 1422 832 1499 hoc
849 1422 946 1499 uerte
968 1444 1130 1523 tempore
1145 1420 1243 1495 feriae
1260 1432 1421 1518 aguntur.
1469 1419 1517 1497 Si
1541 1443 1658 1495 rerum
1685 1444 1753 1519 pu·

545 1520 739 1608 blicarum,
763 1540 1033 1619 temporumque
1064 1520 1260 1594 nostrorum
1286 1517 1459 1591 miseratio
1482 1536 1518 1593 te
1549 1520 1752 1609 excruciat,

542 1617 616 1715 jam
640 1616 809 1714 ejusmodi
827 1641 927 1693 curae
943 1618 1107 1693 nonullo
1131 1616 1289 1689 remedio
1311 1614 1472 1704 facilius,
1496 1612 1602 1712 quim
1621 1619 1752 1692 amico·

545 1737 625 1791 rum
650 1716 782 1789 mutuis
805 1714 929 1789 litteris
945 1712 1174 1797 ·leniri,·-non
1198 1713 1350 1807 ignoras.
1399 1710 1482 1785 Nec
1504 1712 1656 1788 arbitror
1682 1716 1753 1787 bae·

544 1809 660 1887 reseca
676 1812 820 1909 alicujus
840 1834 968 1887 nornen
985 1811 1274 1888 meum‘delaturn
1301 1808 1396 1903 apud
1424 1828 1458 1881 te
1482 1804 1573 1896 eise,
1598 1810 1754 1905 ideoque

547 1910 732 2003 religionis
752 1907 867 2003 gratiai
889 1910 1004 1982 vitare
1035 1928 1073 1980 te
1101 1908 1172 1979 mei
1197 1906 1444 1979 commercium
1455 1924 1474 1989 ,·
1503 1902 1541 1978 δι
1570 1905 1753 2001 pristinam
1803 1976 1808 1987 ,

545 2002 720 2081 scribendi
735 2004 1019 2081 consuetudinem
1041 1996 1239 2095 remittere,
1264 1999 1344 2075 cbin
1366 1998 1568 2098 lngolstadii
1583 2002 1751 2080 habitem

547 2100 897 2192 Quamobremcdm
916 2122 985 2199 ego
1001 2102 1131 2173 nullam
1153 2099 1402 2173 taciturnitatis
1423 2118 1494 2171 tuae
1512 2098 1648 2175 causam
1666 2123 1752 2175 con·

542 2198 674 2296 jestare
697 2220 845 2297 queam,
873 2198 1109 2296 dic-aliquem
1134 2193 1256 2285 sodet,
1271 2196 1356 2270 dic*
1369 2195 1628 2286 Festomoutaut,
1653 2198 1751 2275 colu·

546 2318 643 2383 rem,
668 2319 729 2370 aut
756 2318 801 2369 ne
821 2315 858 2368 te
882 2296 1071 2369 excusandi
1094 2290 1298 2367 difficultate
1319 2314 1479 2389 onerem,
1504 2312 1635 2369 tantum
1657 2298 1752 2371 litte·

546 2416 602 2467 ras
617 2388 673 2468 fac
698 2393 759 2467 abs
774 2413 809 2465 te
824 2410 865 2466 ut
890 2392 1056 2480 videam,
1079 2385 1120 2462 dt
1143 2387 1257 2464 rursus
1280 2410 1414 2463 mutnae
1436 2389 1596 2467 amicitiae
1618 2392 1750 2467 nostrae

546 2486 607 2563 sua
623 2488 766 2565 redierit
781 2486 955 2573 serenitas.
980 2488 1084 2585 Ego,
1100 2488 1152 2559 mi
1170 2486 1325 2581 Hermu,
1352 2483 1448 2561 reete
1466 2490 1590 2577 vulto,
1614 2488 1752 2565 studiis·

549 2608 620 2683 que
642 2608 684 2660 ac
705 2582 813 2659 Mulie
839 2580 925 2659 meis
939 2607 1059 2674 utcu,
1083 2582 1225 2660 secutus
1250 2585 1336 2681 quid
1360 2580 1565 2679 Ratisponae
1591 2585 1664 2683 (2)
1687 2588 1753 2661 sta·

548 2702 678 2757 tuatur.
729 2680 838 2770 Quan
865 2702 944 2755 uam
959 2700 1077 2757 tamen
1093 2678 1236 2754 subinde
1253 2702 1325 2755 non
1340 2680 1587 2776 potestmeum
1607 2706 1753 2781 quoque

550 2778 704 2855 animum
730 2800 803 2853 non
817 2778 856 2851 su
882 2780 931 2851 ire
943 2779 1158 2875 indignatio,
1182 2800 1287 2874 quam
1304 2778 1546 2875 improborum
1569 2780 1756 2859 hominum

549 2896 720 2963 conatus,
742 2898 785 2952 ac
809 2877 952 2951 nimium
973 2872 1115 2951 secundi
1136 2868 1306 2951 successus
1334 2877 1499 2951 excurre
1549 2875 1669 2953 Cesar
1681 2880 1754 2975 jam

548 2990 652 3142 {atat
675 2968 852 3049 discessum
884 2972 922 3049 de
944 2971 1087 3047 militem
1112 2968 1322 3055 conscribit,
1347 2968 1427 3047 five·
1446 2975 1528 3067 quia
1553 2973 1653 3049 Italis
1679 3000 1755 3051 nou

434 3104 438 3111 ·
563 3072 627 3143 atis
643 3069 808 3159 confidit,
833 3064 904 3144 five
924 3070 1007 3165 quia
1031 3092 1075 3142 ex
1100 3068 1219 3143 Gallid
1244 3067 1336 3143 forte
1359 3070 1492 3164 aliquid
1511 3068 1644 3145 olfacit.
1695 3072 1773 3147 In·-

549 3188 646 3242 terea
678 3167 758 3240 Rex
798 3164 1038 3262 queribundus
1072 3162 1197 3242 frustra
1224 3167 1400 3264 ,implorat
1434 3167 1575 3247 auxilia.
1623 3168 1756 3247 Fertur

510 3288 514 3297 ·
550 3264 654 3339 etiam
682 3286 730 3337 uu
757 3286 794 3338 er
819 3265 859 3335 in
881 3264 1027 3358 publico
1053 3282 1232 3339 conventu
1257 3264 1461 3337 nominatim
1488 3248 1590 3338 statri
1624 3264 1755 3346 Caesari

549 3356 708 3459 supplica
737 3386 776 3451 e,
801 3380 840 3433 ut
859 3356 1059 3440 misereatur
1075 3359 1225 3469 fortunae
1248 3362 1404 3455 germani
1428 3358 1565 3452 fratris,
1590 3362 1630 3437 δι
1656 3390 1754 3477 com·

1643 3484 1758 3539 rnums

546 3584 712 3669 adquam
744 3598 836 3652 anno
867 3531 959 3671 1348.
967 3600 1053 3736 ‘Per
1074 3581 1323 3667 pragmaticam
1351 3580 1559 3651 sandionem
1590 3587 1757 3660 instaura.

551 3687 639 3745 tam,
664 3669 706 3734 ab
726 3667 775 3734 Im
806 3720 813 3735 .
837 3668 943 3737 Corolo
1029 3664 1231 3751 suggerente
1246 3664 1470 3751 &deligente
1483 3666 1604 3752 ngio‚
1625 3672 1756 3744 iterum

553 3754 737 3838 assumptus
780 3755 845 3829 uit.¹
865 3751 948 3819 som.
968 3767 1003 3837 4.
1016 3766 1091 3835 pag.
1109 3754 1185 3835 498.
1383 3767 1401 3799 ἢ

594 3834 657 3937 (2)
679 3836 803 3903 Securus
843 3836 897 3900 uid
912 3832 1274 3924 Rotispotoestotuotur]
1294 3832 1468 3901 Nimirum
1483 3835 1583 3904 initio
1604 3840 1759 3921 Ianuarii

550 3924 650 4006 hujus
665 3923 745 3987 anni
763 3857 913 3989 Caeiare
934 3923 1119 3987 conventu·
1136 3918 1380 3986 Wormatiano
1403 3935 1571 3987 revocato
1591 3924 1755 3996 Gronvel·

549 4011 618 4074 luno
628 4002 825 4150 §disputari
844 4005 936 4071 enim
953 4003 1001 4070 ibi
1017 4016 1173 4085 coeptum
1194 4017 1269 4077 erat
1288 4002 1331 4079 de
1348 4001 1527 4089 Religione
1543 4007 1634 4077 inter
1650 4008 1757 4095 Jm.

549 4108 615 4156 uem
657 4086 754 4152 citium
773 4108 814 4157 ac
837 4087 1010 4175 Philippum
1027 4086 1315 4166 Melcmbtoueut)e
1331 4086 1450 4173 Belgio
1467 4088 1596 4171 Metas‘,
1618 4091 1756 4179 spiram

549 4174 697 4253 indeque
714 4172 954 4249 Ratisbonam,
971 4171 1031 4237 ubi
1042 4169 1196 4238 Comitia
1208 4168 1351 4255 Imperii
1368 4170 1560 4252 indixerat,
1579 4179 1757 4262 profectus

547 4258 620 4335 est,
643 4254 836 4341 eodemque
856 4256 971 4323 mense
994 4255 1123 4321 Martio
1147 4254 1349 4340 Principum
1371 4254 1634 4345 civitatumque
1653 4268 1758 4353 legati

546 4342 742 4423 convenire
765 4360 918 4427 coepere.
941 4337 1165 4429 ‹Poutthuta
1183 4339 1262 4409 ltu.
1281 4336 1390 4421 Mt.
1408 4341 1461 4414 ub.
1476 4362 1534 4415 rr.
1553 4366 1618 4433 top.
1644 4368 1697 4433 15.
