3967 5167
252 544 255 549 ’
304 514 506 649 'anisa
540 550 849 649 sannatia
879 578 946 645 nn
976 550 1314 702 nivansos.
1374 580 1429 666 33
1569 477 1578 499 “

230 758 343 836 ¹nendo
359 758 560 839 voluntate,
586 758 623 831 δι
640 754 743 853 quim
762 754 826 828 tibi
843 747 959 829 omnia
974 756 1010 827 in
1028 754 1121 827 illins
1132 752 1264 828 adibus
1283 776 1439 828 commo·

237 852 529 946 metrepolim,
555 850 578 922 si
598 856 705 927 modii
722 854 874 925 animum
893 856 937 925 ad
963 855 999 925 id
1019 874 1119 924 tuum
1133 852 1298 925 inducere
1314 854 1437 925 velles.

84 938 88 949 ¹
232 947 305 1023 lter
322 970 435 1023 autem
457 948 615 1021 italicum
634 972 677 1020 ex
697 950 802 1022 animi
820 948 988 1022 sententia
1005 946 1148 1021 absolvi.
1199 946 1354 1020 Veneriis
1385 948 1438 1018 in-

153 1056 157 1065 ‘
201 1044 205 1052 ’
231 1042 294 1119 visi
321 1044 498 1137 baptistam
523 1035 703 1137 Egnatium
722 1043 797 1140 (a)
823 1043 936 1119 senem
961 1047 1068 1118 valde
1092 1042 1304 1130 facundum,
1329 1045 1365 1116 δι
1384 1045 1438 1115 hi-

232 1142 362 1226 larem,
390 1143 637 1213 nonnionem
658 1144 795 1235 priuata
813 1140 1082 1224 consuetudine,
1109 1138 1165 1211 sed
1184 1140 1275 1212 &in
1295 1140 1438 1233 publica

231 1236 451 1333 profeiiione.
502 1236 561 1309 De
586 1240 669 1309 teis
693 1237 1144 1330 valdeamanterrogavit,
1169 1234 1437 1330 honorificeque

228 1338 370 1406 locutus
398 1333 476 1416 est,
511 1354 658 1437 propter
692 1336 788 1427 quod
816 1335 853 1407 &
889 1334 1001 1429 ipsum
1022 1334 1132 1428 pluris
1161 1330 1277 1417 facio,
1303 1330 1341 1404 (it
1359 1354 1439 1403 amo
1529 1424 1533 1430 ῃ

230 1433 353 1522 magis.
380 1428 474 1515 Nam
494 1431 613 1501 caeteri
634 1432 694 1522 qui
711 1430 770 1501 hie
786 1431 919 1525 aliquid
948 1428 1035 1503 scire
1055 1430 1201 1513 volunt,
1225 1450 1270 1501 ex
1294 1450 1339 1500 eo
1359 1425 1437 1499 fere
1555 1506 1559 1514 ,

231 1546 376 1620 captant
399 1526 575 1619 gloriam,
612 1525 709 1618 qaod
734 1524 931 1617 Erasinam,
958 1522 1275 1620 Transalpinosque
1299 1523 1439 1597 fortiter

85 1649 91 1671 t
233 1641 486 1708 contemnant,
513 1642 619 1693 unum
637 1621 849 1695 admirantur
868 1624 1062 1706 Ciceronem,
1089 1620 1154 1693 eos
1172 1644 1215 1693 ue
1231 1618 1323 1693 soloe
1336 1622 1439 1693 laude

230 1717 438 1811 dignantes,
470 1720 533 1811 qui
556 1719 600 1788 ad
626 1719 699 1811 ejus
717 1720 946 1792 imitationem
970 1715 1122 1791 studiose
1147 1645 1182 1789 Pe
1206 1736 1463 1811 componunt.i

231 1812 326 1885 Cum
346 1813 470 1907 quibui
497 1817 566 1908 jam
586 1814 768 1907 aliquoties
786 1816 950 1888 velitatus
975 1812 1070 1896 sum,
1095 1811 1155 1885 sed
1173 1810 1301 1906 absque
1315 1815 1438 1887 convi-

123 1924 132 1935 ·
229 1908 292 1982 tio.
343 1910 400 1980 Ad
419 1911 516 2002 quod
535 1928 649 1982 tamen
666 1908 809 1983 subinde
826 1934 879 1983 me
890 1930 1066 2005 provocat
1080 1909 1278 1983 Germanus
1295 1908 1438 2003 quidam

139 2038 150 2063 ·
232 2008 295 2101 qui
327 2001 389 2076 suo
414 2007 547 2099 judicio
569 2006 675 2079 valde
699 2004 811 2103 sapit,
835 2005 940 2099 seque
967 2009 1114 2101 proprio
1133 2008 1314 2101 praeconio
1343 2026 1443 2099 egre.

231 2102 293 2196 gie
325 2102 492 2191 decorat,
519 2100 580 2176 etsi
617 2104 763 2175 aliorum
797 2105 1025 2197 plurimorum
1058 2100 1227 2175 sententia
1254 2103 1437 2175 helleboro

234 2218 489 2293 nonnunquam
509 2200 668 2293 indigere
683 2200 858 2271 videatur.
908 2198 942 2270 li
963 2196 1011 2270 fic
1032 2200 1164 2293 juravit
1178 2200 1214 2269 in
1238 2201 1365 2270 Lazari
1379 2199 1440 2270 Ba-

232 2298 351 2365 nauii'cr'
376 2299 446 2385 (3)
471 2297 627 2383 laudem,
653 2318 692 2367 ut
706 2297 820 2367 nullus
836 2316 906 2367 tam
924 2295 1052 2367 eximie
1070 2295 1193 2370 dolius
1208 2296 1347 2367 recitari
1363 2290 1442 2386 pos-

232 2388 299 2474 iit,
324 2390 409 2484 quin
437 2392 496 2463 ille
523 2391 621 2465 illicd
650 2393 814 2478 accinat,
829 2390 890 2484 fed
912 2392 992 2463 ni'bi'l
1016 2394 1058 2463 aii
1082 2397 1258 2463 Lazarum
1311 2388 1360 2459 Et
1384 2410 1440 2460 rna

228 2481 633 2586 judicium'mutaturum
649 2488 716 2572 ait,
741 2487 835 2559 idem
852 2489 944 2557 enim
964 2482 1002 2555 ἃ
1025 2488 1206 2558 Hermanno
1231 2480 1324 2574 Fufia
1349 2484 1439 2555 acci·

233 2578 331 2655 dille.
383 2580 477 2653 Nam
512 2584 573 2677 qui
601 2580 648 2655 sic
681 2580 948 2669 nonsentiunt,
981 2582 1097 2667 nihil,
1130 2581 1244 2652 inuit
1278 2578 1440 2655 sentiunt.
1506 2582 1511 2589 ’

232 2678 293 2750 An
311 2680 381 2749 non
400 2676 469 2751 hoc
485 2678 533 2749 est
550 2676 652 2749 semel
663 2675 852 2771 perfricare
867 2674 1020 2753 frontem
1030 2678 1054 2748 2².
1073 2676 1142 2761 Et,
1166 2604 1191 2749 fl
1209 2697 1279 2747 non
1297 2674 1359 2747 ista
1376 2677 1440 2753 im-

233 2773 403 2869 pudentia
427 2773 475 2846 est
499 2776 557 2846 vel
581 2775 796 2867 arrogantia,
822 2796 917 2849 certe
944 2772 1090 2845 stultitia
1116 2772 1156 2844 sit
1183 2774 1350 2860 maxima,
1376 2795 1436 2844 ne·

232 2864 324 2945 celse
343 2868 402 2943 est.
453 2868 533 2965 Ego
551 2890 666 2943 autern
683 2872 918 2944 Ciceronianam
934 2892 1032 2944 tuum
1047 2872 1107 2943 vel
1125 2870 1191 2941 hae
1208 2868 1252 2941 de
1271 2867 1372 2941 causa
1387 2869 1440 2941 di-

231 2966 400 3061 Bgentiue
426 2968 562 3061 relego,
593 2988 632 3039 ut
658 2968 730 3039 hoe
756 2967 936 3039 hominum
962 2988 1072 3061 genus
1095 2966 1218 3038 melius
1235 2964 1441 3039 retundame

233 3060 369 3135 tametsi
384 3064 516 3135 invitus
539 3084 618 3137 cuin
633 3060 803 3157 ejusmodi
818 3063 966 3159 ingeniis
984 3066 1020 3135 in
1035 3081 1211 3135 certamen
1225 3062 1341 3131 venio.
1363 3059 1439 3134 Ne-

232 3160 311 3252 quit
328 3160 418 3231 enim
431 3158 602 3231 obstinata
620 3180 740 3231 eorum
761 3180 857 3231 mens
879 3158 1112 3255 disputatione
1128 3159 1198 3230 ulla
1214 3152 1327 3241 flesti,
1355 3158 1442 3251 quin
1492 3227 1496 3234 ,

233 3255 415 3325 irritantur
437 3256 567 3349 magis,
593 3256 887 3349 contentioneque
911 3252 992 3351 ipsis
1006 3252 1085 3327 ansa
1101 3254 1280 3349 praebetur
1298 3254 1440 3345 gravius

233 3346 439 3433 nceffendi,
456 3360 554 3446 ‘quos
572 3350 731 3422 venerari
749 3350 935 3424 debebant.
985 3349 1066 3423 Nec
1086 3370 1202 3419 tamen
1220 3347 1273 3417 his
1295 3344 1438 3419 consen·

235 3448 331 3516 tiunt
353 3468 480 3518 omnes.
534 3444 582 3519 Et
594 3444 672 3518 sunt
688 3469 732 3520 ex
752 3442 834 3539 ipis
847 3444 964 3535 Italis,
989 3447 1053 3540 qui
1069 3439 1314 3534 modestiores,
1340 3444 1439 3515 mini-

232 3538 366 3632 meque
394 3540 564 3615 ambitiosi
580 3542 732 3615 debitam
754 3543 838 3624 tibi,
866 3541 902 3614 ἃ
923 3545 1031 3616 totius
1049 3542 1141 3614 orbis
1156 3534 1339 3633 suffragio,
1365 3560 1439 3611 orn·

234 3637 405 3730 uiamque
426 3634 513 3711 veie
527 3640 708 3714 dostorum
725 3640 761 3713 &
778 3635 923 3736 syncete
938 3638 1171 3736 judicantium
1186 3632 1440 3745 applausume-

461 3746 464 3751 ’
1335 3751 1439 3803 ittam

280 3926 294 3997 i
302 3924 343 4009 n)
366 3920 537 4011 Bapililaai
551 3922 736 4025 Egnatium]
758 3926 803 3996 V.
818 3926 904 3995 Not.
925 3928 971 3995 ad
992 3928 1110 3994 Vitam
1125 3922 1174 3993 N.
1201 3922 1296 3992 xxi.
1311 3920 1418 4019 ,Adue
1426 3970 1439 4019 ¹.

235 4010 333 4093 quoa
349 4010 407 4075 ille
427 4012 538 4077 multo
554 4012 682 4107 ineliue¹
695 4012 802 4089 dixit,
824 4012 926 4094 quim
949 4010 1098 4094 scripsit,
1119 4009 1165 4105 &⁸
1177 4008 1336 4108 babuerit
1349 4007 1439 4073 divi·

237 4112 317 4161 nam
338 4094 521 4177 quamdam
540 4112 740 4163 memoriam
758 4112 891 4170 reruni,
913 4112 997 4177 quas
1022 4106 1241 4169 memoriter,
1267 4090 1438 4177 jucunde·

235 4196 304 4273 que
325 4178 503 4273 narrabat,
527 4192 566 4244 ut
589 4176 637 4245 est
652 4182 686 4245 in
709 4180 823 4279 elogio
849 4177 1009 4275 Sebastiam·
1027 4174 1156 4271 Cariadi
1175 4176 1266 4261 apud
1286 4176 1439 4271 bailiam,

253 4280 275 4325 n
298 4260 445 4329 Distion.
468 4262 598 4330 Verbo.
618 4262 776 4347 Egnatius.
817 4260 1173 4359 Obiitoitogenarrus
1194 4280 1225 4355 4.
1256 4260 1327 4325 ulii.
1344 4275 1437 4353 1553.

236 4278 249 4324 i

234 4344 489 4495 N({)xisezari·
504 4344 677 4435 Bonami'ai']
699 4347 744 4417 de
763 4365 832 4435 quo
859 4346 932 4415 dixi
946 4362 1080 4431 pariter
1103 4343 1148 4415 ad
1168 4342 1292 4412 Vitam·
1311 4342 1436 4428 Viglu,

289 4508 375 4585 Tam.
388 4511 441 4586 lt.
889 4511 925 4588 E
