3967 5167
319 525 511 625 EPIST.
539 514 853 620 SELECTAE
880 540 944 613 An
973 516 1303 643 DIVERSOS.
1346 540 1435 657 3²5
1578 540 1588 559 ·

231 708 476 789 incredibilem
499 704 761 789 munitionem,
791 700 1124 799 de'lperatornmqne
1147 703 1327 778 hominum
1352 696 1435 781 dili«

232 806 455 909 genrifiimam
470 801 729 885 defensronem,
755 798 813 895 spe
830 798 945 873 nostra
964 796 1113 873 frustrati
1128 796 1253 874 sumus.
1304 800 1435 896 ltaque

232 924 369 977 mutato
386 898 577 976 obsidionis
596 920 743 993 genere,
768 898 932 991 majorem
961 896 1133 969 exercitus
1162 918 1296 989 partem
1323 920 1443 971 exam·
1512 954 1518 964 .

230 1000 480 1079 moravimus,
504 998 687 1089 complura
720 994 988 1089 propugnacula
1020 993 1058 1069 δι
1087 996 1298 1065 munimenta
1318 996 1431 1067 erexi*
1559 1058 1565 1069 ,

229 1114 331 1180 mus,
357 1093 473 1188 eisque
488 1089 645 1187 praesrdia
665 1112 720 1162 ter
742 1091 836 1163 mille
856 1090 1040 1173 Peditum,
1066 1086 1234 1182 Equitum
1252 1112 1336 1161 vero
1358 1111 1432 1163 tre-

229 1212 417 1267 centorum
433 1186 676 1283 imposuimus,
700 1182 856 1281 foliaque
876 1186 911 1259 δι
927 1206 1054 1281 aggere
1069 1190 1340 1295 propugnacula
1355 1184 1431 1282 ipsa

108 1299 113 1313 “
229 1291 373 1363 circum
392 1284 514 1359 urbem
526 1286 721 1381 Junximns,
746 1305 784 1355 ut
800 1305 937 1354 omnem
954 1302 1167 1353 commeatus
1196 1304 1244 1352 rm
1269 1284 1433 1367 ortandi,

229 1384 297 1459 vel
321 1380 526 1457 excurrendi
552 1381 752 1453 facultatem
775 1376 928 1451 hostibus
952 1376 1198 1451 inhiberemus.
1268 1376 1298 1449 't
1319 1376 1377 1450 hic
1394 1382 1433 1453 in

101 1486 103 1497 ’
229 1476 402 1577 praesenti
425 1474 613 1550 obsrdionis
634 1472 741 1547 statos
775 1474 888 1547 durat.
934 1470 1237 1567 Anabaptistarmn
1255 1466 1345 1547 ve'rr'r
1371 1478 1434 1642 ppi

230 1578 329 1649 intra
344 1574 467 1647 urbem
482 1593 589 1666 agunt
604 1570 824 1643 incredibiles
841 1592 1000 1657 errores,
1024 1570 1326 1665 abominandaque
1341 1566 1374 1643 fa
1412 1595 1434 1646 a

230 1670 273 1745 bt
300 1666 463 1756 consilia,
488 1690 569 1763 qnae
594 1669 655 1740 vel
682 1687 726 1741 ex
756 1688 875 1739 eorum
898 1666 1021 1748 libris,
1045 1669 1104 1739 vel
1134 1690 1180 1739 ex
1214 1669 1437 1763 captivorum

230 1763 566 1863 transfugarumque
591 1760 884 1850 confeffionibns,
910 1759 1228 1859 quaestionibusque
1258 1768 1439 1859 explorare

233 1864 424 1951 habemus,
446 1860 550 1933 nimis
573 1856 678 1934 fuerit
697 1859 841 1955 longum
858 1858 1079 1953 perscribere.
1128 1858 1223 1933 Illud
1236 1882 1434 1935 tamennon

235 1958 291 2035 est
305 1959 609 2056 praeterenndum‚
635 1956 728 2051 quod
749 1954 880 2029 rametsr
900 1956 1011 2052 vulgo
1030 1956 1106 2031 lraec
1131 1954 1219 2031 sebia
1245 1956 1289 2029 ab
1307 1958 1441 2033 iterato
1524 2038 1531 2047 ⁴

236 2054 293 2130 Ba
320 2054 411 2129 tismi
429 2053 651 2127 sacramento
679 2074 873 2149 cognomen
894 2051 1039 2139 babeat,
1062 2055 1187 2127 multas
1213 2074 1326 2126 tamen
1350 2056 1440 2128 alias·

236 2080 506 2227 sceieratiffimas
520 2150 695 2245 planeque
715 2148 932 2223 detestabiles
961 2148 1024 2221 snb
1050 2146 1084 2221 se
1109 2148 1261 2222 haereses
1277 2173 1437 2245 compre·

236 2250 386 2323 hendat.
438 2246 563 2341 Qualis
586 2244 635 2317 est
656 2247 744 2329 illa,·
759 2264 867 2339 caput
885 2242 958 2317 fere
981 2245 1091 2317 totius
1109 2268 1230 2319 eornm
1247 2245 1439 2333 doeirinae,

237 2346 343 2443 quod
366 2346 532 2431 tradunt,
558 2338 738 2414 Christum
763 2342 799 2413 ἰιι
822 2340 926 2412 terris
948 2341 1064 2414 adbuc
1083 2364 1229 2439 regnum
1256 2338 1319 2413 fibi
1338 2365 1358 2413 a
1374 2366 1436 2437 pa·

236 2461 296 2517 tre
321 2437 521 2538 promissum
548 2432 641 2512 susce
684 2460 812 2511 nrum:
845 2435 998 2509 debnill'e
1020 2457 1135 2510 antem
1159 2454 1287 2525 autea,
1321 2440 1437 2513 omnia

233 2560 326 2635 ¹quae
342 2540 387 2611 ad
420 2528 551 2610 Christi
576 2532 623 2606 do
661 2534 768 2606 rinam
800 2534 1006 2628 pertinent,
1038 2532 1193 2608 collabi:
1225 2534 1441 2630 &collapsa

238 2630 311 2707 ell'e
335 2632 427 2708 haud
451 2630 563 2706 multo
584 2630 663 2725 post
686 2624 937 2723 Apostolorum
951 2650 1127 2725 tempora,
1152 2633 1198 2705 ad
1219 2631 1314 2703 hunc
1330 2630 1376 2703 ns
1394 2656 1445 2707 ue

242 2732 352 2805 diem.
403 2724 513 2801 Nunc
533 2728 623 2799 verb
646 2722 758 2797 adesse
781 2746 941 2821 tempora
959 2727 1203 2831 restitutionis,
1229 2728 1355 2821 quibus
1370 2656 1441 2801 ici·

242 2828 331 2899 licet
346 2824 510 2923 Regnum
528 2818 634 2895 li'ra'e'l
659 2818 792 2896 restitui
820 2820 946 2907 debet,
972 2824 1007 2895 in
1037 2846 1129 2918 quo,
1154 2824 1276 2898 excisrs
1299 2826 1441 2919 impiis,

243 2922 312 2996 soli
328 2924 378 3019 pii
397 2922 435 2997 δι
451 2920 533 3017 julli
551 2914 679 2991 visturi
695 2914 794 3007 suut,
817 2920 853 2991 id
868 2918 976 3086 pund
999 2942 1043 2993 ex
1072 2918 1263 2994 lbbnoratis
1291 2918 1367 2994 fere
1389 2920 1440 2993 sa-

242 3042 316 3093 crae
333 3016 515 3115 scriptura
530 3015 618 3088 locis
634 3012 810 3096 astruunt:
834 3012 866 3086 A
904 3036 953 3087 ur.
984 3038 1017 3109 3.
1035 3014 1108 3089 ibi:
1129 3014 1348 3090 Poenitemini
1367 3019 1438 3092 &e

243 3117 354 3213 usque
380 3116 425 3187 ad
452 3131 612 3208 tempora
638 3099 863 3185 restitutionis
893 3108 963 3186 &e
998 3110 1102 3187 Mart.
1138 3136 1193 3209 13.
1226 3116 1307 3187 item
1335 3114 1442 3187 Matr.
1510 3186 1519 3200 ,

243 3206 1442 3409 aasabimllll-22¹3.baala.allilia

244 3408 305 3478 or.
332 3410 389 3476 62.
415 3410 472 3489 σς.
493 3408 550 3475 66.
574 3398 734 3473 Hierem.
761 3421 794 3489 3.
820 3396 911 3471 Dan.
938 3420 970 3470 2.
989 3422 1023 3492 7.
1049 3382 1152 3473 oleae
1177 3420 1209 3475 2.
1233 3401 1315 3494 Joel
1342 3420 1372 3473 2.
1403 3424 1441 3497 3.

246 3502 357 3573 Amos
381 3522 415 3586 9·
437 3495 551 3571 Mich.
577 3518 611 3585 4.
644 3492 768 3592 Aggaei
794 3514 826 3566 2.
852 3490 958 3571 Zacb
997 3500 1030 3571 8.
1055 3494 1206 3570 Manen.
1232 3522 1264 3588 4.
1291 3495 1377 3570 Psal.
1404 3520 1451 3586 9„

250 3618 309 3687 17.
337 3615 393 3665 2ο.
420 3614 478 3665 2ι.
505 3614 561 3665 22.
588 3600 644 3664 26.
669 3612 728 3681 45.
755 3594 815 3680 46.
842 3587 964 3687 ltaqne
988 3592 1166 3762 Prolpheta
1191 3593 1442 3691 quispiamsu-

245 3690 387 3789 periore
410 3689 591 3761 Autumno
615 3690 705 3761 inter
732 3710 793 3761 eos
816 3684 981 3774 surrexit,
1007 3710 1031 3760 a
1089 3714 1132 3763 eo
1157 3694 1349 3765 revelatum
1378 3686 1445 3765 srbi

245 3786 448 3873 affirmans,
472 3805 510 3855 ιιι
531 3782 668 3879 Regem
697 3782 922 3857 denunciarer
935 3835 947 3871 ‚
980 3787 1043 3882 qni
1066 3786 1158 3859 viam
1183 3786 1333 3860 Domini
1352 3806 1447 3885 prae-

245 3900 412 3979 pararet,
447 3882 507 3975 qui
539 3878 696 3975 impios,
730 3902 821 3975 qnos
857 3902 976 3955 omnes
1013 3906 1073 3955 eos
1102 3880 1167 3957 effe
1196 3882 1356 3967 censent,
1383 3886 1448 3978 qui

248 3977 406 4075 ipsorum
423 3977 599 4050 erroribus
618 3998 688 4053 non
710 3972 930 4063 concedunt,
956 3978 1074 4073 gladio
1091 3975 1316 4074 persequatur
1333 3977 1374 4054 ὅτ
1387 4000 1450 4054 ex·

104 4098 108 4107 ·
247 4078 399 4171 tinguet.
450 4069 660 4167 Defignatus
691 4092 809 4145 antem
835 4066 885 4143 est
911 4075 955 4147 ab
983 4097 1026 4147 eo
1055 4072 1166 4164 Rex,
1198 4076 1326 4152 sarstor
1358 4076 1448 4178 quil!

250 4174 375 4265 pianr,
401 4170 509 4245 bomo
531 4168 674 4267 juvenis
704 4166 830 4263 viginti
859 4164 918 4241 fex
944 4170 1025 4269 plus
1054 4172 1169 4245 minue
1201 4196 1309 4249 annos
1333 4196 1450 4248 natus,

145 4340 150 4345 ,
251 4264 329 4355 Qui
352 4290 373 4341 a
395 4268 532 4365 populo
558 4286 742 4363 receptus,
768 4266 853 4337 ilico
874 4264 1062 4341 familiares
1083 4272 1119 4341 in
1144 4290 1361 4346 communem
1391 4292 1455 4341 an-

253 4380 309 4439 tea
326 4361 677 4471 {deportaturum
698 4358 764 4437 fibi
783 4358 990 4532 ufirgpavit,
1012 4363 1165 4463 Regium
1186 4368 1360 4444 Diadema
1384 4375 1461 4435 cae-‘

677 4504 679 4513 ·
876 4481 891 4532 s
918 4480 944 4557 3
1313 4484 1441 4553 teraqu
