3967 5167
492 563 573 670 ron
601 539 835 638 116111
863 567 932 636 ss
960 506 1221 636 nunna
1249 541 1628 640 zulemam

492 727 736 828 parsimoniam
751 727 961 812 imitaretur,
985 747 1027 798 ea
1043 721 1139 796 euim
1150 723 1270 796 studiis
1295 725 1520 820 aliquomodo
1536 725 1688 822 profuit:

492 827 576 902 eiam
591 826 786 896 ilieomnia
800 873 811 905 ,
826 862 830 872 =
846 823 957 894 vetita
972 821 1110 914 legibus
1132 823 1230 908 alea,
1256 822 1402 915 dilirpet.
1449 821 1561 896 Nunc
1584 823 1617 895 se
1645 825 1691 897 ad

494 922 631 1016 frugem
650 921 840 994 rediturum
855 913 1280 1011 pmmilit,officinamque
1305 915 1553 992 restituturum.
1580 919 1692 993 Laza-

492 1040 553 1092 rus
577 1017 628 1087 illi
651 1037 795 1110 operam
819 1011 913 1086 suam
942 1011 1085 1084 obtulit.
1136 1009 1231 1082 Nam
1258 1013 1418 1106 Egnatius
1443 1014 1574 1086 dudum
1599 1018 1693 1088 illius

495 1134 614 1188 mores
632 1107 819 1185 detestatus
843 1110 914 1190 est,
938 1108 1017 1180 Aidi
1038 1128 1152 1180 tamen
1180 1107 1274 1202 apud
1298 1105 1333 1181 se
1356 1106 1464 1181 filium
1489 1111 1575 1194 alit,
1599 1111 1693 1183 insti·

353 1292 358 1304 ¹
494 1210 646 1300 tuitque.
697 1206 783 1299 Juiii
807 1207 979 1277 theatrum
1003 1204 1226 1278 vehementer
1260 1203 1380 1288 ridet,
1414 1201 1521 1298 idque
1546 1229 1610 1278 nec
1635 1208 1696 1279 hie

395 3953 399 3961 ’
529 3971 704 4038 Missurum
727 3966 893 4049 theologo
912 3961 959 4026 Pa
979 3961 986 3974 ‘
1015 3979 1058 4028 en

497 1298 1698 1484 {illitatiltdffiffid‘adtlzlpll.l‘2zll.iti⁰l{

918 1449 930 1482 ,
1615 1443 1618 1450 ,

503 1519 573 1570 nec
591 1494 796 1566 Ciceroniana
812 1489 913 1564 festae
936 1489 1139 1584 proceribus
1189 1509 1293 1562 artat.
1333 1489 1509 1585 Sesipfiffe
1533 1447 1697 1566 verti’ad·

504 1588 625 1665 versus
648 1607 684 1662 te
705 1589 865 1684 quadam
889 1585 985 1658 hunc
1001 1585 1130 1678 Julian
1202 1586 1319 1656 stillum
1337 1607 1437 1660 certo
1452 1589 1539 1660 mihi
1552 1587 1697 1661 constat.

508 1685 581 1759 Sed
605 1681 670 1758 scis
694 1705 775 1780 quae
797 1679 838 1754 lit
854 1681 1068 1755 consuetudo
1086 1683 1212 1754 horum
1236 1681 1425 1754 hominum.
1450 1683 1486 1756 Si
1506 1683 1590 1780 quid
1607 1686 1700 1756 enisu

505 1781 683 1864 scribunt,
705 1779 875 1852 recitandi
890 1777 985 1872 apud
999 1773 1206 1872 symmystas
1227 1777 1443 1874 voluptatem
1459 1801 1702 1874 aucupantur,

508 1877 571 1950 ubi
589 1878 746 1950 audiant:
770 1872 941 1970 pulchre,
964 1869 1078 1954 bene,
1100 1868 1211 1946 redte.
1269 1871 1495 1966 Prophanum
1514 1877 1604 1950 ilerd
1624 1877 1703 1949 vul·

509 1997 575 2070 gus
597 1973 777 2066 indignum
795 1967 1006 2057 existimem,
1031 1967 1129 2063 quod
1146 1968 1253 2040 illotis
1278 1969 1436 2040 manibus
1464 1969 1598 2042 divinas
1627 1971 1702 2042 illas

510 2069 769 2143 lucubrationes
798 2065 1002 2139 contreiiet.
1049 2061 1101 2136 Et
1124 2061 1239 2155 Julius
1254 2085 1334 2156 quae
1354 2065 1508 2138 scribite
1528 2064 1608 2138 solis
1632 2061 1704 2138 Re-

420 2165 428 2176 '
512 2167 617 2262 gibus
638 2164 711 2258 legi
730 2162 830 2244 vult,
852 2183 933 2233 nam
955 2162 992 2232 in
1017 2158 1145 2231 Franci
1163 2159 1265 2231 unius
1291 2161 1434 2255 gratiam
1455 2161 1637 2255 operosum
1664 2163 1706 2232 il·

511 2262 574 2335 lud
592 2261 765 2334 theatrum
783 2258 935 2330 molitur.
983 2253 1114 2328 Gallus
1134 2273 1266 2342 antem,
1292 2277 1357 2349 pet
1379 2278 1482 2349 quem
1498 2257 1557 2331 hic
1579 2259 1721 2352 primas·

516 2378 590 2430 ate
604 2357 721 2430 literas
747 2354 886 2446 accepi,
910 2371 982 2422 non
1006 2353 1108 2423 unius
1125 2351 1195 2422 huc
1223 2371 1314 2442 opus
1340 2351 1407 2424 elie
1429 2352 1499 2437 ait,
1528 2352 1586 2424 sed
1620 2353 1707 2424 mul·

514 2449 856 2538 torum,'Bedduicae‚
870 2443 1248 2539 Budcicaepuefadiionis
1273 2445 1289 2538 (
1301 2450 1349 2536 5)
1376 2445 1612 2540 conjuratione
1622 2469 1707 2520 con·

513 2545 661 2633 fenum,
686 2545 747 2639 qui
771 2541 881 2616 unum
894 2545 930 2616 in
943 2545 1109 2616 volumen
1126 2537 1307 2614 malediiia
1321 2542 1504 2614 contulere
1520 2542 1596 2616 stra.¹
1612 2541 1709 2633 Jam-

517 2665 587 2740 que
604 2644 780 2715 biennium
796 2635 870 2712 elie·
880 2635 987 2711 refert
999 2689 1011 2724 ,
1036 2635 1132 2730 quod
1156 2638 1222 2709 tale
1249 2637 1517 2732 aliquid·moliri
1541 2637 1709 2731 quisdam

516 2735 677 2813 senserit:
702 2736 876 2806 nominare
896 2755 1016 2806 tamen
1031 2733 1200 2804 neminem
1215 2733 1347 2815 voluit,
1372 2734 1503 2806 veritus
1527 2755 1572 2806 ne
1594 2732 1709 2808 defer·

519 2855 605 2908 rem.
655 2831 799 2924 Siquid
826 2847 920 2902 certe
941 2829 1170 2914 intellexero,
1191 2849 1261 2900 non
1280 2847 1315 2902 te
1344 2828 1475 2902 celabo.
1528 2829 1640 2922 Quod
1663 2829 1708 2901 ad

519 2930 629 3004 Bsmbi
651 2927 810 2999 notitiam
839 2926 1223 2996 commendatione-tua
1251 2925 1383 2996 aditum
1408 2925 1494 2996 mihi
1512 2925 1708 3018 paraveris,

519 3025 702 3099 maximam
733 3021 848 3094 habeo
870 3020 1028 3114 gratiam.
1076 3017 1191 3092 Antea
1215 3019 1306 3092 enim
1331 3020 1502 3092 neminem
1521 3022 1625 3091 alium
1651 3022 1712 3090 ha·

520 3120 668 3206 bebam,
692 3118 796 3212 qnam
820 3123 940 3210 Legum
963 3136 1029 3208 per
1050 3135 1154 3207 quem
1182 3115 1236 3185 illi
1267 3111 1538 3190 innotescerems
1562 3117 1619 3189 cui
1642 3125 1710 3207 ego

522 3239 626 3310 quam
648 3216 824 3287 minimum
851 3211 975 3284 debere
1005 3209 1122 3304 cupio.
1170 3206 1251 3282 Hac
1274 3231 1334 3282 tua
1353 3229 1469 3282 autem
1495 3212 1718 3282 commenda·

421 3297 434 3326 ⁶
522 3315 620 3384 tione
643 3309 775 3392 fretus,
798 3305 877 3380 sirm
900 3305 1085 3378 amicitiam
1102 3324 1311 3399 operamque
1334 3302 1426 3378 susm
1446 3301 1597 3398 benignd
1629 3307 1714 3378 mihi

524 3409 658 3480 nemius
684 3402 846 3490 offerret,
871 3402 965 3495 coepi
988 3403 1155 3473 illum·de
1180 3401 1274 3472 libris
1300 3397 1500 3494 quibusdam
1515 3401 1653 3473 Graecis
1677 3403 1714 3473 in

523 3503 607 3598 June
636 3501 745 3574 Civili
773 3502 1008 3591 interrogare,
1058 3496 1119 3591 qui
1157 3495 1320 3566 dicuntur
1351 3495 1387 3568 in
1414 3493 1633 3569 Bibliotheca
1669 3497 1716 3568 D.

526 3601 661 3687 Marci,
695 3597 757 3692 qui
777 3597 861 3668 olir‘n
883 3589 1072 3688 Beffationis
1097 3587 1292 3664 Cardinalis
1318 3587 1391 3686 (6)
1416 3589 1510 3675 iuis,
1535 3589 1716 3700 1111111111ἓ

1660 3705 1718 3760 cus

570 3883 635 3969 (5)
656 3881 828 3956 Reddaicae,
848 3877 989 3944 Bndoicae
1059 3873 1233 4024 {odionis}
1256 3893 1276 3943 a
1303 3872 1423 3942 Natali
1443 3873 1558 3942 liedda
1578 3873 1721 3942 Ordinis
1837 3857 1847 3876 '

1072 3979 1101 4038 1,
1133 3959 1352 4026 denominata
1373 3957 1476 4024 factio
1509 3959 1602 4043 apud
1626 3957 1722 4042 aras-

529 4073 612 4118 mum
631 4053 668 4117 in
691 4048 846 4134 Epistolis
870 4046 984 4113 variis.
1012 4041 1142 4110 Natalis
1162 4043 1318 4108 meminit
1339 4041 1468 4106 Miratur
1487 4039 1522 4106 ds
1540 4041 1647 4125 Script.
1660 4041 1722 4127 ser.

459 4195 464 4204 .
528 4135 628 4204 XVI.
644 4156 679 4220 p.
702 4151 774 4216 131.
793 4131 863 4196 edit.
882 4128 1024 4195 Fabricii.
1065 4127 1173 4192 Porro
1192 4125 1252 4207 qui
1267 4123 1423 4191 Gisiiielms'
1441 4123 1548 4188 ausas
1569 4123 1703 4190 studiosi
1713 4166 1726 4200 ‚

528 4217 746 4300 fautoresque
754 4213 852 4280 fuere
862 4210 1042 4288 ,Budaicae
1054 4208 1209 4273 factionis
1224 4208 1365 4272 nomine
1375 4207 1416 4274 ab
1426 4205 1554 4294 Erosmo
1563 4207 1725 4292 perstrin-

527 4317 681 4396 guntur,
702 4294 898 4372 cumalibi,
921 4307 996 4358 tum
1017 4292 1052 4355 in
1078 4291 1172 4356 rimis
1192 4289 1228 4354 in
1250 4289 1313 4373 Ep.
1335 4288 1383 4356 M.
1405 4289 1481 4355 111.
1510 4321 1512 4326 ,
1659 4304 1663 4316 ·

569 4385 638 4473 (ό)
656 4381 840 4468 Marianis
860 4309 1126 4471 CardimiissV.
1146 4373 1257 4448 Notas
1276 4372 1320 4442 sd
1340 4371 1467 4443 Vitam.
1486 4371 1531 4444 N.
1550 4369 1664 4441 XXV.
