3967 5167
539 525 595 608 70
651 489 887 590 VIGLII
914 515 984 582 au
1013 490 1168 588 ΑΥΤ
1177 488 1278 582 TA
1306 487 1688 588 ZUICHEMI

536 690 758 769 quacumque
780 666 963 745 occasione
978 668 1121 744 laudare
1154 667 1241 740 mihi
1256 673 1442 753 Lazarum,
1467 672 1636 746 extollere
1651 671 1746 746 Bam·

508 776 636 854 ‘burm
660 791 810 862 quotum
838 765 979 860 quidem
1008 765 1195 862 preconiis
1234 763 1401 878 refragari
1441 767 1603 842 nolebam
1627 791 1744 854 ,tum

538 887 627 939 vero
645 864 817 960 Etesiarum
835 860 1052 957 deprimere,
1076 857 1267 958 dubiosque
1282 885 1378 938 utros
1396 882 1491 938 mant
1509 863 1619 962 Alpes
1633 862 1742 939 flocci

532 959 673 1053 lacere,
709 959 910 1057 judicium,
939 959 1204 1045 eruditionem,
1234 959 1555 1056 humanitatemque
1597 959 1741 1036 omnem

541 1058 610 1134 illis
639 1057 835 1132 detrahere.
885 1053 1000 1150 Quod
1035 1079 1103 1152 ego
1131 1053 1298 1130 deuorare
1330 1053 1506 1132 nonsatis
1529 1059 1653 1154 potui,
1677 1079 1744 1134 nec
1879 1057 1888 1069 '

542 1154 629 1229 nihi
678 1150 824 1229 deerant
864 1153 1044 1241 rationes,
1079 1151 1207 1251 quibua
1246 1153 1371 1228 cavilla
1400 1151 1554 1251 ipsorum
1586 1153 1747 1230 confuta·

544 1272 628 1323 rem.
680 1248 844 1324 Incendit
875 1269 964 1324 vero
1003 1251 1095 1328 hanc
1125 1251 1384 1326 contentionem
1421 1248 1542 1326 odiosa
1583 1250 1746 1348 qumdam

532 1343 726 1428 morofitas
757 1347 909 1420 illorum
958 1344 1052 1420 Nam
1085 1343 1111 1420 ii
1149 1349 1247 1444 quod
1276 1343 1371 1422 forte
1401 1345 1550 1422 verbum
1582 1347 1746 1434 excidit,

541 1444 644 1610 puod
665 1443 717 1516 illi
740 1438 774 1515 se
797 1439 893 1538 apud
919 1445 1097 1518 Ciceronem
1206 1441 1283 1518 rille
1300 1467 1373 1518 non
1392 1447 1648 1531 meminerunt,
1673 1465 1747 1518 non

563 1561 647 1612 ecus
684 1541 966 1628 tumultuantur,
1010 1562 1116 1634 quam
1173 1561 1184 1611 ι
1223 1541 1349 1636 ingene
1394 1540 1537 1634 aliquod
1574 1537 1746 1636 flagitium

468 1703 481 1713 .
548 1631 762 1709 commilium
786 1631 883 1709 ess'et
908 1631 985 1708 lmo
1006 1659 1049 1710 ex
1072 1638 1126 1708 hit
1143 1635 1286 1730 quidam
1298 1636 1487 1732 gloriatur,
1509 1635 1747 1746 se'aliquando

378 1841 397 1879 ¹⁵
408 1796 505 1913 Supplt
515 1857 523 1897 t

375 1916 459 1976 feret

550 1731 734 1803 Hermanno
758 1728 856 1819 Fristo
880 1753 987 1826 caput
1008 1729 1092 1806 sella
1115 1727 1305 1806 demulstlle
1325 1783 1337 1816 ,
1359 1734 1455 1826 quod
1482 1749 1596 1808 uerius
1623 1729 1750 1805 defen·

549 1827 648 1900 deret
664 1826 811 1900 verbum
826 1825 1004 1922 quoddam
1022 1827 1136 1900 minus
1160 1827 1405 1900 Ciceronianam
1430 1827 1524 1919 Quis
1539 1850 1626 1902 vero
1649 1827 1670 1868 ⁴*
1695 1826 1747 1900 fa·

547 1924 719 1997 miliarem
747 1921 960 2009 sermonem,
984 1925 1047 2018 qui
1074 1921 1207 1996 solutus
1234 1923 1273 1998 ἃ
1296 1924 1382 1996 liber
1403 1924 1469 1998 elle
1493 1923 1624 2010 debet,
1650 1941 1749 1996 tantu

548 2015 789 2114 superstitione
805 2017 997 2113 adstringi?
1021 2015 1139 2092 Nimis
1161 2036 1275 2092 autem
1299 2019 1349 2091 est
1365 2022 1501 2114 puerile
1518 2016 1557 2093 dt
1574 2015 1749 2092 scholasti-

550 2138 659 2200 cum,
683 2117 720 2188 in
736 2114 853 2186 medio
880 2113 1037 2188 sermone
1066 2117 1110 2188 de
1134 2115 1210 2186 aliie
1235 2113 1358 2200 rebus,
1383 2117 1431 2190 ob
1457 2114 1641 2190 verbulum
1672 2116 1748 2188 uni·

549 2233 633 2284 cum
656 2212 693 2282 in
714 2210 874 2283 acerbam
900 2207 1213 2304 repraehenfionem
1235 2231 1474 2306 prorumpere.
1523 2211 1605 2306 Ego
1629 2213 1749 2306 itaque

550 2306 1020 2476 datdtltlttt
1045 2305 1443 2476 {tltiltltltttl‘
1458 2303 1751 2476 Vlllfftltt

745 2485 748 2490 .
1449 2453 1460 2489 5

554 2498 1058 2678 tdtatltt‘tlsstll?
1068 2499 1753 2702 lltln‘tttltlfsttllltssl

554 2712 667 2762 meam
685 2691 729 2760 ab
754 2709 919 2762 accurata
943 2689 1083 2760 illorum
1102 2687 1270 2782 elegantia
1291 2693 1434 2764 nimium
1451 2691 1484 2764 d'
1513 2689 1628 2777 idere,
1652 2711 1754 2785 pate·

555 2807 678 2860 rentur
698 2785 816 2877 itaque
831 2785 902 2857 hoc
921 2805 976 2856 me
1003 2779 1069 2856 effe
1088 2786 1184 2876 quod
1208 2781 1329 2869 efl‘em,
1346 2787 1382 2858 id
1408 2785 1475 2873 est,
1501 2787 1672 2862 haberent
1697 2807 1751 2858 me

552 2883 651 2956 >inter
670 2881 864 2951 Bartholitos
886 2875 1171 2970 Jurisoonsultoe:
1195 2879 1275 2954 tium
1299 2880 1391 2953 inter
1415 2875 1517 2978 Croffi
1537 2882 1598 2954 vel
1629 2885 1752 2956 Scaeuo·

557 2977 596 3049 1ae
621 2971 695 3071 (5)
721 2973 908 3068 discipulos
930 2975 1050 3046 locum
1081 2995 1258 3070 nunquam
1281 2975 1504 3049 ambivillem.
1553 2973 1635 3050 Hae
1664 2995 1754 3050 vero

555 3065 780 3178 responlione
803 3067 1040 3162 conquieville
1055 3071 1331 3144 mihividentur.
1356 3070 1435 3162 Jam
1459 3071 1550 3145 enirn
1571 3075 1755 3166 patiuntur

558 3189 617 3241 me
636 3186 740 3239 ettam
757 3163 908 3238 barbare
935 3165 1068 3259 loqui,
1094 3165 1156 3260 qui
1179 3187 1280 3239 antea
1303 3188 1347 3238 ne
1371 3168 1475 3239 latine
1500 3167 1642 3262 quidem
1664 3165 1756 3240 fere·
1886 3229 1890 3238 .

558 3264 671 3348 bant,
697 3257 760 3333 nist
777 3263 881 3336 etiam
909 3262 1116 3336 ciceroniani.
1166 3261 1365 3334 Absutdutu
1387 3264 1480 3335 enirn
1502 3267 1637 3336 ducunt
1652 3285 1757 3350 eum,

522 3373 539 3380 ”
558 3360 620 3453 qui
641 3358 791 3430 studium
816 3356 1004 3432 cultiorum
1024 3357 1203 3432 literarum
1230 3355 1448 3454 profitetur,
1474 3355 1517 3430 ab
1541 3361 1680 3452 optimo
1698 3383 1759 3432 au·

560 3456 664 3526 thore
678 3453 857 3525 vellatum
877 3471 1029 3548 unguem
1044 3451 1228 3526 discedere.
1279 3452 1399 3527 Habes
1418 3453 1501 3548 quid
1522 3455 1607 3528 mini
1619 3477 1702 3528 cum
1721 3458 1762 3530 il·

558 3548 602 3622 lis
618 3550 830 3636 conveniat,
855 3572 949 3622 nunc
967 3569 1056 3640 quos
1080 3550 1277 3644 triumphos
1302 3567 1494 3644 apparent,
1520 3549 1677 3624 brevitet
1698 3573 1759 3625 ex·

559 3667 700 3742 ponam.
750 3642 844 3718 Cium
867 3645 990 3718 diebus
1013 3643 1235 3718 hilarioribus
1261 3647 1323 3738 qui
1340 3643 1649 3742 Quadragesrmam
1666 3667 1761 3741 prae·

1680 3765 1764 3818 cul·-

498 3913 507 3924 .
604 3859 620 3940 (
631 3856 673 3940 5)
695 3853 794 3939 Croffi
813 3851 1045 3934 oelScaeuolo]
1068 3849 1184 3935 Quem
1201 3851 1258 3919 hic
1282 3853 1633 3938 Cmffitmindicatum
1653 3859 1762 3938 velit,

563 3955 635 4008 non
659 3941 778 4022 liquet.
828 3934 980 4004 Videtu'r
1007 3935 1191 4018 indigitare
1214 3936 1256 4004 L.
1279 3935 1424 4022 Craffutn
1446 3944 1763 4026 oratoremque

556 4024 595 4090 in
617 4021 713 4087 Bruto
742 4023 922 4093 Citermis,
949 4018 1000 4085 eli
1024 4015 1262 4169 elepantillima
1292 4039 1372 4088 curn
1401 4019 1528 4086 Amoot'o
1553 4021 1590 4090 dt
1621 4021 1764 4092 Seaeuolo

557 4105 784 4188 comparatio.
826 4105 933 4191 Quinti
952 4103 1049 4167 Mutii
1093 4103 1216 4168 taevolae
1244 4118 1327 4169 nota
1351 4101 1399 4170 est
1427 4102 1589 4182 historia,
1622 4109 1683 4189 qui
1715 4127 1763 4177 ex
1889 4127 1891 4132 ’

556 4207 629 4338 put>
649 4190 683 4252 in
705 4185 852 4283 Porsena¹
870 4185 986 4252 castris
1012 4185 1192 4280 dexterum
1220 4185 1388 4290 exulserat
1397 4233 1418 4283 ,·
1428 4188 1501 4272 ejus
1529 4190 1610 4283 loeo
1631 4191 1762 4288 sinistra

575 4287 626 4336 ott
648 4269 742 4344 ulus,
764 4270 800 4338 δι
820 4272 900 4335 lunc
914 4269 1050 4335 Scaevolo
1072 4267 1181 4333 didius
1192 4309 1204 4342 ,
1231 4293 1335 4338 raam
1364 4286 1456 4336 enim
1469 4267 1587 4340 Graect
1599 4271 1765 4344 iluistram
1812 4317 1820 4330 .

554 4367 696 4423 vocant.
740 4351 816 4420 Cor.
836 4351 937 4436 steph.
954 4357 990 4416 ir
1007 4349 1095 4417 Dru.
1116 4347 1182 4432 iili.
1254 4368 1258 4378 ·
1297 4367 1301 4374 ·
1619 4371 1621 4376 ¹
1754 4382 1759 4400 ι
