3967 5167
319 485 515 588 ‘amun
546 487 857 625 sutno‘nn
883 511 949 584 an
977 487 1307 592 nlvunsou
1351 515 1431 611 147

235 675 372 748 notitiae
393 689 462 744 tuae
484 671 669 744 duretam
692 670 800 742 ardua
814 670 964 765 &gravi
985 683 1089 765 opem
1113 687 1207 742 tuam
1230 665 1428 764 flagitatim.

237 766 386 841 Primum
410 786 524 838 tamen
548 762 689 839 affectui
712 789 795 932 erpa
818 785 854 837 te
877 785 955 838 meo
986 763 1132 860 syncero
1155 765 1250 839 certe
1283 763 1322 838 dt
1347 789 1430 840 can.

239 863 319 938 dido
344 861 583 943 condonabis,
617 883 721 952 quern
757 883 770 932 1
803 879 843 932 tu
875 879 994 934 tecum
1018 858 1213 952 expendere
1250 864 1428 950 voluerit,

236 979 304 1029 non
328 958 461 1030 levido
483 955 584 1030 causa
599 954 816 1050 susceptum,
838 953 900 1026 sed
922 955 1039 1028 multia
1063 953 1296 1040 honestissimis
1320 960 1425 1030 ratio·

234 1053 333 1126 nibus
347 1050 547 1136 fundatum,
573 1073 778 1146 comperies.
828 1048 982 1125 Movent
997 1050 1087 1122 enirn
1103 1049 1221 1122 debita
1239 1055 1428 1130 reverentia

231 1164 308 1222 cum
329 1151 466 1243 generis
481 1151 588 1241 longe
608 1146 785 1231 clariffirni,
809 1164 885 1218 tum
914 1146 1013 1240 quod
1031 1147 1169 1240 parenti
1189 1163 1251 1218 tuo
1275 1144 1348 1240 (2)
1373 1150 1426 1224 vi-

232 1268 272 1318 ro
295 1245 414 1317 nostra
439 1263 541 1315 aetate
563 1241 740 1316 fortiffimo
762 1242 846 1315 belli
864 1240 981 1329 Duci‚
1007 1241 1098 1316 &in
1130 1262 1218 1334 pace
1242 1239 1429 1316 Guberna-

232 1343 299 1412 tori
317 1337 600 1423 ruoderatissimo,
623 1339 737 1431 patria
760 1358 837 1412 mea
858 1339 1048 1433 plurimum
1072 1334 1207 1411 debeat.
1258 1335 1430 1414 Occurrit

231 1429 436 1508 subinde&
462 1433 615 1504 Buchonit
638 1433 753 1526 patrui
781 1431 867 1516 mei,
892 1456 995 1527 quem
1019 1454 1059 1506 tu
1084 1454 1223 1526 quoque
1248 1433 1332 1504 olim
1359 1434 1430 1508 unit

227 1531 386 1609 coluisti,
412 1529 598 1609 memoria,
623 1522 772 1600 maxime
795 1549 883 1600 vero
899 1527 1053 1602 omniunt
1078 1549 1148 1602 tuae
1172 1529 1318 1600 virtutes
1334 1533 1428 1602 exci-

231 1643 321 1697 tant.
372 1622 472 1713 Quas
489 1645 528 1694 tu
545 1620 784 1694 absolutiflima
797 1619 888 1716 pene
914 1623 1087 1696 literarum
1101 1625 1262 1696 ‘omnium
1286 1621 1427 1699 scientia

227 1743 273 1792 tc
295 1714 595 1810 Jutisprudentia,
620 1719 730 1789 multo
748 1713 1032 1810 splendidifftnras
1046 1716 1200 1793 effecisti.
1234 1716 1324 1790 Tam
1340 1721 1428 1792 mul·

229 1815 275 1888 tis
299 1810 407 1886 caufis
431 1814 673 1897 extimulatus,
698 1808 723 1884 fi
750 1831 845 1886 tuam
868 1810 1151 1888 benevolentiam
1177 1833 1301 1906 rogate
1326 1813 1427 1890 ausus
1508 1817 1512 1829 '

228 1907 304 1996 fui,
329 1909 341 1979 i
389 1903 497 1980 osces.
546 1905 596 1980 Et
615 1909 686 1980 hoc
702 1906 803 1978 vides
818 1906 886 1980 tale
905 1907 992 1996 effe,
1017 1930 1057 1984 ut
1070 1931 1184 2004 prope
1200 1909 1305 2002 culpa
1324 1933 1426 1983 vaca·

228 2026 334 2098 repo
361 2024 421 2087 et,
444 1999 470 2072 st
497 2005 604 2076 modo
630 1997 856 2077 consentanea
878 2005 1044 2098 petitioni
1079 2027 1166 2076 meae
1188 2007 1346 2077 oratione
1369 2003 1428 2098 ¹seu

226 2099 378 2192 epistola
390 2099 427 2170 id
444 2095 630 2173 tentaffem.
677 2093 751 2170 Sed
767 2095 849 2169 sane
873 2101 911 2172 dt
935 2101 1019 2174 huic
1036 2101 1258 2194 negligentiae
1274 2117 1427 2194 praeten-

231 2197 319 2266 dere
335 2192 491 2287 poffum,
516 2194 614 2290 quod
640 2191 810 2267 Bononiae
835 2191 993 2288 hospes,
1008 2213 1111 2289 atque
1135 2197 1227 2266 inter
1241 2197 1364 2268 multas
1390 2193 1428 2267 &

109 2337 111 2357 t
226 2291 344 2362 varias
365 2293 637 2384 occupationes,
661 2291 963 2399 opportunitatem
989 2309 1104 2363 tamen
1129 2291 1172 2362 ad
1197 2309 1232 2362 te
1255 2287 1429 2362 scribendi

230 2380 375 2471 nudius,
409 2384 447 2458 id
468 2387 628 2480 ineptius
644 2382 800 2458 fecerim.
849 2383 1009 2458 Alterum
1027 2384 1137 2469 verd,
1162 2386 1200 2456 in
1222 2407 1295 2478 quo
1317 2386 1429 2480 impu·

126 2560 130 2577 Ι
230 2479 361 2552 dentiae
384 2498 492 2572 atque
508 2483 613 2553 etiarn
630 2475 875 2573 imprudentiae
891 2479 1023 2552 crimen
1039 2475 1225 2587 agnoscere
1240 2477 1373 2560 debeo,
1388 2479 1426 2556 δι

229 2571 377 2646 fortaffis
392 2573 489 2666 apud
514 2575 651 2668 aliquos
675 2572 873 2645 ambitionis
901 2574 1026 2646 vitium
1045 2597 1107 2650 vrx
1138 2571 1292 2668 effugio,
1318 2575 1427 2667 magis

229 2691 290 2739 me
304 2665 477 2740 solicitum
489 2667 604 2740 habet.
652 2664 781 2762 Neque
801 2667 892 2740 enim
908 2665 1072 2744 excusare
1089 2668 1125 2740 id
1142 2671 1281 2762 penitus
1292 2666 1427 2764 poffutn

227 2783 349 2856 neque
363 2761 469 2836 semel
483 2761 677 2858 susceptum
691 2760 848 2837 deserete
868 2766 991 2838 audeo.
1017 2765 1067 2838 Et
1083 2765 1169 2836 mihi
1192 2767 1239 2838 D.
1264 2767 1427 2839 Matthias
1483 2800 1488 2810 f

228 2861 348 2932 calcar
364 2880 449 2931 tunc
468 2857 624 2945 addidit,
645 2859 682 2932 δι
694 2858 880 2952 juvenilem
893 2861 1062 2946 animum,
1091 2857 1218 2954 suaque
1231 2863 1300 2954 jam
1325 2857 1428 2952 spon·

104 2996 107 3039 t
228 2973 265 3026 te
297 2954 343 3025 ad
370 2955 520 3050 aliquam
550 2955 787 3028 conditionem
810 2953 1032 3040 inclinatum,
1061 2953 1166 3030 facile
1189 2959 1364 3050 permovit
1388 2973 1429 3028 ut

227 3049 273 3122 de
288 3045 473 3123 Affefforio
488 3072 631 3123 munere
648 3047 744 3146 spem
759 3049 990 3142 conciperem.
1015 3050 1104 3124 Eam
1119 3073 1209 3123 vero
1227 3073 1299 3124 rem
1315 3052 1428 3145 quieti

228 3143 407 3218 restitutus
430 3144 584 3219 exactius
610 3146 840 3240 expendens,
863 3143 949 3220 sensi
973 3146 1077 3238 quim
1097 3147 1182 3218 mibi
1206 3169 1281 3218 eam
1308 3143 1427 3220 conse·

228 3242 292 3330 qui
312 3237 451 3312 difficile
473 3237 577 3313 foret.
626 3241 783 3333 Ideoque
799 3262 856 3312 me
875 3243 1003 3332 prioris
1027 3240 1161 3314 confilii
1184 3241 1251 3312 mei
1262 3261 1303 3312 ac
1323 3242 1428 3312 auda·

114 3358 115 3392 ³
227 3337 294 3407 ciae
310 3335 531 3407 vehementer
557 3337 704 3430 puduit,
730 3336 768 3408 &
792 3352 928 3406 tanturn
966 3357 1039 3408 non
1066 3335 1240 3429 poenituit.
1291 3331 1332 3406 In
1357 3335 1427 3408 hoc

113 3438 114 3447 ³
226 3427 371 3500 tandem
388 3432 537 3502 animum
554 3429 633 3524 post
653 3430 796 3502 multam
813 3429 1060 3522 cogitationem
1087 3430 1265 3516 converti,
1291 3453 1331 3504 ut
1348 3431 1426 3525 Spi-

225 3547 307 3598 ram
331 3545 387 3610 me
404 3525 626 3619 migraturum
650 3523 913 3608 constituerem,
939 3547 982 3596 ne
1010 3527 1069 3598 vel
1093 3547 1213 3598 eorum
1240 3529 1428 3599 authorita-

228 3639 324 3704 tem,
348 3618 411 3708 qui
435 3623 508 3712 ejus
528 3617 623 3714 spem
648 3619 808 3693 fecerunt
835 3638 1057 3693 contemnere
1079 3623 1237 3707 viderer,
1264 3645 1353 3695 neve
1377 3623 1429 3699 ine

112 3792 114 3801 ,
228 3708 437 3790 constantiae
456 3731 596 3786 notaret
612 3715 655 3786 ab
673 3717 735 3799 iis,
761 3737 849 3810 quos
877 3715 1054 3809 adjutores
1081 3739 1122 3789 ea
1137 3717 1173 3787 in
1193 3739 1231 3788 re
1256 3711 1323 3788 effe
1342 3711 1428 3788 mihi

230 3809 417 3906 postulavi.
466 3807 509 3878 In
525 3831 672 3901 quorum
692 3830 837 3884 numero
857 3807 962 3884 facile
978 3830 1018 3884 tu
1034 3813 1163 3907 primas
1179 3811 1339 3898 obtines,
1365 3813 1427 3906 qui

230 3923 337 4004 potes
355 3901 426 3978 fine
448 3900 559 3979 dubio
575 3904 781 4000 plurimum,
798 3907 837 3981 dc
859 3906 924 3980 ubi
946 3907 1010 3982 tibi
1032 3907 1167 3984 occafio
1191 3903 1258 3979 sese
1291 3905 1427 4017 obtuit·

1361 4022 1429 4092 trt,

278 4149 346 4248 (a)
367 4147 491 4248 Potenti
510 4147 581 4246 uto]
604 4147 891 4250 Georgiusssaro
904 4145 949 4220 de
961 4146 1226 4250 Tautenburch,
1247 4151 1357 4237 Eques
1370 4169 1427 4218 au·

231 4234 894 4408 {retitiiffitiiissbi‘pfiiiiidim
910 4237 1325 4412 pfsspsppffit
1345 4237 1428 4306 Μ’

546 4407 549 4410 ’
813 4401 851 4481 Τ
873 4425 897 4486 t
