3967 5167
545 533 600 623 62
630 524 873 632 VIGLII
901 551 970 616 33
1000 521 1151 616 AYT
1159 518 1258 616 TA
1285 517 1656 617 ZUICHEMI

542 727 675 804 lesceos
699 723 851 823 impense
868 723 1003 798 deditus
1026 743 1140 806 eram,
1164 722 1246 794 ilico
1265 719 1315 794 fui
1341 723 1377 794 13
1396 721 1549 796 Galliam
1567 725 1744 820 relegatur

544 827 591 898 ad
610 849 651 898 ea
669 818 880 920 Gymnasra,
906 821 943 892 in
971 819 1101 915 quibus
1116 840 1246 913 praeter
1264 819 1410 912 legalem
1431 811 1647 914 disciplinam
1668 824 1745 892 nul-

396 1013 402 1020 ·
520 924 580 1004 ¹la
599 919 738 994 scientia
761 922 797 990 in
814 917 931 1014 pretio
953 937 1039 992 etat.
1089 915 1200 1002 Porro
1225 912 1251 991 ii
1277 937 1393 986 recum
1416 915 1659 1010 Banolistarum
1681 939 1746 988 33-

547 1019 695 1091 strorutn
718 1016 907 1089 barbariem
931 1032 1096 1108 reputes,
1121 1033 1227 1106 quam
1251 1029 1364 1086 tameo
1394 1033 1517 1083 retum·
1534 1009 1746 1108 cognoscen-

548 1115 668 1187 darum
690 1110 792 1186 causa
809 1111 979 1186 devorare
998 1106 1133 1183 ncccffe
1163 1106 1254 1195 fuit,
1280 1107 1318 1182 dc
1343 1109 1379 1178 13
1397 1127 1465 1200 333
1489 1109 1606 1184 adhuc
1632 1109 1746 1184 versa·

547 1232 626 1285 mur
642 1210 823 1302 quotidie,
846 1202 921 1300 ipse
944 1225 1015 1278 oon
1031 1203 1137 1279 suetis
1161 1202 1354 1289 inficiatus,
1379 1203 1483 1276 etiam
1501 1207 1674 1298 optimum
1694 1209 1748 1280 in·

548 1306 689 1400 genium
707 1304 899 1378 1333333133
920 1298 1036 1396 spinae
1063 1300 1155 1372 haud
1175 1298 1278 1374 facile
1303 1297 1371 1370 sese
1395 1301 1438 1372 ad
1461 1301 1641 1385 meliorem
1668 1325 1748 1374 etu-

548 1403 693 1476 ditionis
711 1399 806 1494 spem
824 1399 982 1470 attollere
1005 1394 1111 1492 polle.
1160 1395 1220 1470 De
1237 1395 1373 1494 ingenii
1393 1417 1478 1494 ueto
1496 1395 1655 1472 bonitate
1670 1419 1747 1471 non

548 1497 665 1570 habeo
680 1497 777 1590 quod
800 1517 855 1590 me
879 1491 1025 1588 jadeum
1050 1493 1090 1567 dt
1114 1509 1314 1588 quanquam
1329 1513 1386 1561 me
1410 1487 1674 1565 delciiettuum
1700 1497 1747 1566 de

549 1593 664 1687 patria
679 1615 755 1663 mea
773 1589 983 1662 Eucomium
1003 1587 1107 1684 (quis
1130 1590 1221 1661 enim
1248 1588 1449 1660 mortalium
1469 1609 1539 1660 non
1557 1591 1629 1684 ejus
1646 1589 1749 1662 laude

551 1685 770 1781 afficiaturi)
794 1707 909 1759 tamen
933 1682 961 1758 st
989 1705 1071 1780 quae
1091 1686 1149 1756 iila
1170 1683 1250 1758 alba
1269 1684 1436 1778 produxit
1454 1683 1612 1778 ingenia,
1636 1688 1748 1780 magia

550 1805 666 1879 prope
691 1785 812 1857 mirum
838 1782 953 1855 videri
968 1781 1096 1865 debet,
1121 1779 1226 1876 33133
1248 1781 1346 1874 quod
1372 1781 1466 1872 apud
1494 1779 1646 1875 Schytas
1671 1801 1747 1854 cau·

516 1913 521 1920 ·
552 1898 611 1973 tus
637 1880 790 1952 extiterit
822 1872 1013 1969 Anacamfis
1038 1875 1132 1969 (1),
1159 1875 1319 1970 3333313
1343 1875 1591 1948 medianarum
1614 1875 1746 1950 Barba-

553 1975 626 2059 ria,
651 1977 687 2046 in
703 1971 928 2066 Philosophia
948 1975 1037 2043 adeo
1056 1967 1251 2051 emicuisse,
1275 1973 1443 2046 miraculo
1467 1993 1580 2066 prope
1601 1970 1668 2043 suit
1683 1995 1745 2044 ve·

554 2072 698 2143 teribus.
746 2068 841 2140 Nam
867 2089 1097 2160 praeterquam
1122 2069 1218 2160 quod
1241 2071 1391 2139 multum
1423 2063 1587 2154 confert,
1613 2067 1661 2138 ibi
1686 2069 1749 2140 ali-

487 2174 490 2183 '
553 2189 660 2259 quem
683 2163 775 2237 nasci
800 2163 861 2236 ubi
878 2160 960 2256 ipsae
985 2165 1097 2236 literae
1115 2182 1205 2234 narae
1229 2160 1324 2246 sunt,
1351 2163 1531 2261 studiaque
1555 2169 1748 2236 incremen-

551 2281 628 2336 tum
652 2263 844 2355 accepire,
868 2261 1014 2330 multum
1036 2259 1139 2330 etiam
1166 2263 1266 2352 juvat
1287 2259 1468 2342 educatio,
1495 2259 1533 2332 dc
1559 2259 1686 2345 format
1710 2281 1749 2332 tn

552 2357 676 2452 primis
699 2358 898 2450 3333113333
922 2355 1059 2447 ingenia
1085 2351 1278 2426 institutio:
1306 2353 1402 2448 cujus
1426 2354 1566 2448 quidem
1592 2377 1656 2426 nos
1678 2379 1749 2428 ma·

582 2454 665 2528 ‘stris
681 2476 858 2536 caremus,
883 2450 1096 2543 &exempla
1120 2450 1306 2522 domestica
1331 2455 1425 2524 nulla
1449 2451 1541 2544 perd
1569 2452 1746 2527 habemus.

589 2569 796 2645 tquauqam
823 2565 922 2619 certe
947 2569 1057 2640 equos
1082 2545 1189 2618 fortes
1209 2545 1382 2640 producat
1401 2543 1525 2632 Frisra,
1553 2548 1590 2622 dt
1605 2545 1647 2634 fit
1664 2547 1750 2622 alibi

492 2728 494 2731 ,
554 2664 667 2726 terra,
692 2644 818 2738 optimi
836 2661 966 2712 tautum
983 2643 1056 2712 vini
1081 2639 1198 2726 ferax,
1223 2663 1259 2714 at
1277 2643 1445 2716 humanus
1463 2645 1618 2730 animus,
1643 2665 1750 2739 quem

436 2796 439 2816 ι
555 2742 687 2812 divinae
718 2760 814 2812 aurae
841 2738 1046 2831 particulam
1073 2737 1416 2828 11333313333331333,
1437 2759 1507 2810 non
1530 2736 1580 2812 est
1604 2737 1748 2825 331313

555 2833 787 2908 aestimandua.
849 2832 1178 2904 113333333333333
1208 2829 1342 2925 Fristura
1368 2837 1460 2924 (a),
1485 2855 1617 2907 tantum
1640 2857 1750 2926 quan·

557 2951 633 3004 tum
649 2953 688 3002 tu
720 2953 799 3002 eum
822 2928 949 3001 merito
969 2929 1163 3020 prodicus,
1187 2951 1256 3002 333
1274 2929 1303 3000 F
1304 2927 1380 3002 rifia
1396 2935 1517 3026 genuit
1539 2929 1597 3006 sed
1616 2930 1752 3006 effinxit

556 3047 759 3102 accurataa
783 3025 911 3096 teneris
940 3024 1068 3118 procul
1093 3024 1198 3095 domo
1222 3023 1417 3110 institutio,
1443 3047 1515 3098 tum
1536 3049 1623 3100 vero
1641 3026 1751 3122 perti·

556 3145 626 3196 333
642 3121 776 3216 semper
792 3120 941 3193 studium
962 3120 999 3192 ὃ(
1015 3117 1232 3192 consuetudo
1253 3144 1332 3194 cum
1361 3121 1588 3210 eruditissimis
1612 3120 1751 3218 quibus·

556 3239 628 3318 que
646 3215 867 3297 Germania,
893 3212 1040 3301 Galliae,
1064 3214 1195 3311 Italiae,
1222 3235 1296 3289 tum
1318 3218 1361 3290 ad
1380 3217 1455 3290 illas
1476 3215 1566 3314 ipsae
1590 3220 1751 3311 regiones

555 3313 741 3388 excolendi
765 3312 899 3408 ingenii
923 3309 1024 3383 causa
1040 3313 1285 3407 peregrinatio.
1337 3311 1428 3386 Mihi
1446 3335 1561 3386 autem
1588 3314 1753 3388 ultimum

554 3413 628 3487 hoc
644 3433 723 3487 cum
742 3412 806 3483 illo
832 3428 1018 3494 commuue
1047 3407 1116 3495 est,
1141 3405 1201 3482 sed
1219 3409 1352 3483 in‘aliis
1377 3407 1513 3484 diversa
1537 3412 1673 3498 omnia,
1695 3411 1753 3579 311·

1150 3553 1155 3562 -
1570 3581 1578 3596 ‚
1631 3529 1694 3585 vet
1709 3529 1752 3582 33

556 3659 1751 3896 ,εξξὲβὲἒζξέξῖἒιιὲἓζῖἒυέῗ1111111113ῗὸ11ῗὲ1331113111
1802 3835 1813 3840 ,

555 3851 593 3900 m
642 3847 654 3896 t
691 3881 698 3896 .
744 3849 766 3896 o
807 3880 816 3896 .
1675 3849 1677 3854 ·

600 3914 665 4000 (3)
722 3910 1064 3997 emanaumi'rifium]
1089 3913 1119 3980 la
1136 3913 1281 3998 31111313
1297 3913 1508 3988 Hermotimus,
1528 3911 1649 4003 Erosmi
1685 3931 1749 3980 rae·
1827 3989 1832 3998 ,

557 4000 666 4064 33313
700 3995 926 4071 nobilitatus,
952 3999 1049 4081 cujus
1083 3998 1126 4064 ad
1154 4017 1235 4066 eum
1267 3997 1399 4066 exli-ant
1425 3999 1562 4079 aliquot
1587 3995 1642 4080 epi
1672 3997 1752 4066 olae.

558 4081 640 4149 Fuit
669 4079 932 4163 Jurisconiultus
961 4081 1133 4160 eximius,
1160 4081 1198 4150 &
1232 4081 1450 4148 Confiiiatiua
1479 4082 1517 4146 in
1547 4079 1661 4148 Frisra.
1706 4079 1751 4152 V.

559 4164 640 4247 Suff.
650 4162 817 4230 PerriDer.
833 4181 883 4231 10.
905 4184 938 4228 33
961 4215 969 4230 .
979 4164 1053 4246 5313
1073 4165 1180 4248 Script.
1202 4163 1316 4248 Frrfiae.
1336 4163 1529 4231 Nonnullas
1542 4163 1584 4230 ad
1596 4161 1752 4228 11333333-

557 4268 632 4314 num
652 4247 767 4312 literas
792 4247 888 4314 dedit
939 4251 1046 4332 agitas,
1064 4249 1100 4312 13
1121 4248 1242 4332 quibus
1274 4245 1441 4324 observo,
1462 4249 1555 4314 hunc
1575 4247 1617 4314 ab
1635 4247 1695 4314 illo
1713 4247 1751 4312 in

557 4331 710 4400 fortunae
737 4327 805 4395 suae
836 4329 1037 4417 cumprimis
1067 4331 1170 4402 lautae
1198 4329 1398 4403 societatem
1438 4329 1533 4401 fuiil'e
1559 4346 1749 4412 vocatum,

557 4435 637 4488 raro
657 4411 737 4488 sane
758 4416 959 4502 exemplo·
1149 4440 1153 4450 ·
1243 4459 1244 4464 =
1541 4460 1545 4466 -
1658 4453 1661 4458 ,
