3967 5167
538 507 626 607 334Ι
657 470 896 579 VIGLII
923 496 989 564 Au
1017 468 1279 566 AYTTA
1306 465 1677 571 ZUICHEMl

537 677 575 755 itt
593 673 627 749 se
643 696 770 755 eorum
791 666 1061 749 munificentiam
1085 683 1273 763 expertus,
1296 666 1406 743 multa
1429 665 1635 765 privilegia,
1657 678 1741 770 plu.

537 776 648 853 rimas,
664 768 897 851 immunitates
917 764 966 837 est
990 758 1246 861 consequutus,
1272 781 1422 859 cuperet
1442 786 1537 839 nuuc
1559 769 1619 843 hic
1639 793 1739 849 meur

538 894 579 948 ea
597 868 715 941 omnia
731 864 916 939 autoritate
934 858 1104 935 Caesareae
1127 858 1318 956 Maiestatis
1342 857 1549 935 confirmari
1576 859 1738 943 Obsecro

538 985 595 1051 te,
618 964 668 1037 mi
692 962 800 1055 Vigsi,
826 978 867 1033 ut
889 960 1089 1042 hominem,
1110 977 1279 1054 quantum
1295 977 1421 1053 potet,
1446 958 1614 1053 adiuvet,
1637 963 1675 1037 &
1689 965 1737 1039 ad

539 1084 610 1136 nor
625 1058 704 1134 voti
725 1075 929 1153 compotem
962 1057 1131 1130 remittat.
1187 1050 1373 1148 Quidquid
1403 1054 1546 1129 inrum
1575 1056 1739 1139 beneficii

540 1158 711 1239 collatum
729 1154 932 1243 collocaris,
955 1152 993 1225 id
1008 1174 1133 1239 omne,
1156 1152 1307 1248 proinde
1327 1151 1471 1224 acmihi
1494 1155 1662 1228 collatum
1683 1160 1737 1231 in.

538 1253 770 1351 terpretabor.
819 1249 874 1325 Ea
899 1246 948 1323 est
963 1252 1051 1323 milti
1074 1273 1154 1323 cunr
1175 1249 1294 1321 diescit
1308 1243 1380 1321 istis
1403 1250 1605 1345 oonjmtuo
1624 1275 1668 1325 ac
1686 1252 1738 1328 ir·

540 1350 747 1439 miliaritas„
770 1366 812 1423 ut
832 1350 948 1425 omnia
971 1348 1110 1423 illorum
1134 1342 1235 1421 causa
1258 1346 1376 1419 velint
1427 1342 1649 1423 Commendo
1672 1350 1737 1428 ita·

590 1472 609 1521 e
633 1446 699 1524 tibi
720 1448 802 1522 illos
818 1444 862 1519 de
879 1445 1023 1519 meliore
1049 1466 1142 1519 nota.
1192 1448 1298 1517 Auno
1314 1443 1491 1537 superiore
1509 1443 1555 1517 ad
1573 1464 1608 1519 te
1630 1443 1739 1546 scrip·

539 1470 588 1630 ii
613 1544 649 1619 dt
672 1542 884 1625 conditionis
896 1564 982 1615 meae
998 1540 1188 1627 admonui,
1211 1542 1344 1613 auxiliu
1406 1563 1453 1613 ue
1467 1540 1503 1614 &
1518 1563 1623 1637 opom
1641 1565 1738 1633 tuam

486 1652 491 1657 “
539 1640 747 1735 imploravi,
772 1636 854 1713 etim
876 1660 990 1715 tamen
1015 1640 1143 1719 nullam
1159 1657 1230 1713 ate
1246 1636 1370 1733 respon
1398 1658 1500 1717 onem
1517 1642 1738 1732 acceperimr

539 1734 600 1810 seu
619 1758 708 1809 rneae
726 1739 769 1809 ad
788 1756 824 1808 te
843 1736 986 1831 perlatae
1007 1758 1079 1808 non
1101 1732 1190 1819 stur,
1214 1730 1272 1805 seu
1290 1753 1329 1805 tu
1345 1734 1423 1805 aliis
1440 1734 1659 1829 gravioribus
1687 1760 1739 1810 re·

539 1832 607 1908 bus
624 1854 837 1928 occupatur,
861 1834 905 1905 ad
922 1834 1000 1905 ltaec
1024 1829 1185 1905 nostratia
1201 1827 1442 1923 cognomenda
1456 1828 1663 1904 descendere
1680 1856 1740 1908 ne·

540 1930 708 2025 quiveris.
742 1927 1054 2022 Nuperrimecitm
1075 1924 1189 2000 mense
1206 1924 1407 2023 Septembri
1420 1924 1579 2000 Ferraria
1597 1928 1738 2004 Medio·

541 2024 658 2101 lanum
675 2022 833 2099 reversus
848 2021 971 2107 essem,
997 2023 1234 2097 lllustrissrtnus
1260 2025 1300 2093 D
1333 2020 1548 2095 Ferdiuordus
1562 2024 1738 2120 Gorzoga,

542 2124 683 2195 nomine
698 2120 864 2198 Caesareae
888 2119 1080 2213 MaJestatis
1106 2120 1191 2199 mihi
1209 2119 1416 2211 imperauit,
1440 2140 1481 2191 ut
1498 2120 1739 2207 conditionem

542 2214 793 2291 Ferrariensem
812 2218 1062 2311 relinquerem,
1087 2213 1123 2291 dt
1139 2213 1282 2310 Papiam
1297 2212 1488 2307 profitendi
1504 2214 1616 2302 caulla
1629 2219 1716 2290 irem
1725 2267 1739 2305 ,

542 2314 649 2407 idque
679 2313 915 2391 ἀνεπιλήπτως.
942 2310 1096 2387 Coadlus
1118 2312 1235 2407 itaque
1257 2332 1326 2381 tam
1346 2308 1431 2392 dura
1445 2310 1586 2404 iussione
1608 2314 1737 2389 accesit.

545 2406 755 2485 Duritiesin
773 2412 899 2493 coest,
925 2411 1024 2503 quod
1039 2410 1083 2481 ad
1100 2429 1170 2481 roc.
1196 2412 1309 2479 annua
1329 2407 1474 2492 amitto,
1503 2411 1633 2505 quaein
1652 2433 1738 2483 con·

546 2504 627 2579 filiis
652 2504 708 2580 seu
732 2503 900 2603 responsss
919 2506 954 2575 in
982 2504 1082 2577 ltalia
1103 2500 1269 2576 inferiore
1287 2502 1376 2573 lueri
1392 2498 1506 2590 iaeio,
1532 2504 1611 2577 cium
1627 2503 1740 2602 Papia
1873 2538 1880 2547 ·

546 2600 744 2677 semidiruta
756 2602 859 2693 bellis
881 2600 1067 2685 noviisttnis,
1085 2601 1246 2689 ciuitate,
1270 2594 1448 2685 tulerit.
1469 2598 1616 2691 obulus,
1632 2610 1751 2697 quem·

546 2694 645 2772 extra
675 2700 831 2773 ordinem
870 2696 989 2793 possint
1020 2694 1206 2774 conficere.
1260 2690 1441 2795 ‚Praeterea
1474 2680 1558 2771 alibi
1587 2698 1673 2773 mihi
1703 2700 1742 2771 in

545 2814 712 2890 promptu
728 2794 931 2889 prestantur
947 2794 1152 2877 honoraria,
1176 2792 1236 2874 hic
1253 2790 1471 2884 promittitur
1495 2792 1658 2888 quidem,
1682 2791 1744 2879 sed

547 2912 618 2963 non
643 2888 834 2964 solventur.
883 2886 1044 2963 Praesedli
1069 2888 1229 2983 pecuniae
1252 2882 1421 2967 cesareae
1437 2909 1551 2966 omme
1569 2890 1606 2962 id
1624 2892 1744 2985 perdif

545 3006 625 3059 tum
651 2987 807 3073 ducunt,
832 2986 928 3083 quod
957 2982 1144 3081 praestatur
1163 2982 1400 3065 Dodloribuar
1424 3002 1586 3081 tanquam
1608 3008 1653 3057 ox
1671 2988 1743 3060 ani·

549 3104 608 3156 mo
630 3084 864 3178 triumphant,
890 3080 967 3159 etim
985 3104 1041 3163 ure
1055 3079 1222 3161 illudunt:
1274 3102 1328 3151 uae
1346 3101 1401 3149 ret
1420 3100 1475 3153 me
1492 3078 1743 3167 senescentem,

551 3179 588 3254 ἃ
613 3178 853 3259 articularibus
869 3178 1001 3261 morbis
1025 3172 1213 3273 subjedium
1230 3104 1274 3262 ai
1300 3176 1422 3261 incitas
1446 3178 1584 3274 redigit.
1636 3176 1746 3345 Ropo

550 3294 608 3366 te,
633 3274 681 3349 mi
706 3276 820 3377 Vigii,
844 3299 913 3371 pro
947 3294 1067 3359 mutua
1086 3272 1198 3359 nostra
1223 3271 1485 3358 necessitudine,
1508 3297 1552 3352 ne
1575 3293 1631 3347 tne
1649 3276 1692 3349 de
1706 3294 1745 3343 e·

504 3408 508 3414 ’
550 3395 618 3445 ras.
668 3368 844 3465 Cuperem
869 3396 890 3450 u
914 3366 1074 3457 Cesarea
1098 3366 1281 3461 Maiestate
1310 3369 1540 3461 impetrares,
1571 3366 1660 3443 utli
1688 3370 1746 3459 isti

552 3466 779 3541 constitutum
803 3468 889 3541 mihi
910 3467 1067 3540 salarium
1092 3464 1151 3539 sua
1175 3467 1231 3537 die
1251 3487 1321 3537 non
1346 3460 1615 3558 repraesentent,
1639 3468 1747 3543 liceat

554 3565 639 3637 mihi
656 3564 758 3637 aliam
775 3564 1014 3641 conditionem
1032 3584 1213 3657 quaerero:
1241 3585 1307 3635 nec
1319 3560 1401 3635 ideo
1420 3561 1545 3656 poffint
1560 3561 1616 3634 isti
1631 3564 1668 3635 iu
1683 3566 1746 3637 bo-

553 3682 599 3733 na
625 3683 702 3733 mea
726 3659 859 3734 saevire.
918 3662 954 3733 Si
978 3660 1050 3733 hoe
1074 3659 1161 3733 milti
1188 3658 1415 3771 impetratum
1437 3659 1658 3746 reddideris,
1688 3658 1748 3735 seu

517 3844 520 3849 A
551 3776 616 3844 tu,
640 3756 698 3831 seu
726 3754 1042 3843 Revereudillimur
1073 3755 1211 3839 (iothor
1244 3777 1314 3848 rom
1342 3751 1397 3836 isti
1418 3751 1557 3830 facilius
1584 3752 1747 3845 solvent,

552 3876 676 3952 tneque
692 3857 841 3929 maxima
873 3854 979 3936 animi
1002 3851 1156 3933 molestia
1174 3851 1390 3939 liberarem·
1441 3849 1543 3945 Quid
1569 3854 1607 3925 iu
1626 3853 1749 4024 hacbtrpe

1655 3971 1678 4020 0
1730 3986 1748 4006 ο

554 4094 609 4164 Ad
628 4098 753 4166 horum
773 4095 1034 4185 intelligentiam
1054 4090 1328 4182 consequendam
1348 4091 1580 4177 consulendus
1601 4092 1650 4161 eil
1668 4094 1751 4180 Bry-

553 4182 632 4259 sius,
652 4186 710 4249 cui
722 4182 899 4263 assentior,
922 4196 1079 4247 neutram
1092 4178 1351 4262 inmnptianem
1363 4196 1384 4241 e
1397 4175 1568 4263 dignitate
1581 4178 1649 4246 ell'e
1663 4180 1750 4245 tanti

552 4267 638 4418 {ligiis
674 4266 766 4351 Quae
787 4266 874 4338 Gerr.
895 4264 1028 4333 liodaeur
1045 4265 1082 4330 ln
1105 4260 1339 4347 thontolopie
1354 4258 1491 4362 adrat,
1510 4264 1598 4333 uihll
1617 4262 1752 4333 addunt
