3967 5167
571 506 1021 632 '158VIGLIIA13
1052 505 1303 602 Arrun
1346 495 1719 604 zurcuaur

578 708 676 803 qood
694 726 765 780 non
779 705 893 779 minus
910 701 1040 777 laboris
1067 699 1291 798 sumptusque
1315 699 1395 778 libri
1413 700 1649 790 deformibus,
1668 721 1773 801 atque

579 804 640 876 alii
673 802 763 877 bene
797 798 1050 895 elegantibus,
1086 794 1344 874 charadleribus
1376 797 1521 892 imprelii
1560 849 1572 884 ,
1604 802 1775 876 constent.

579 898 734 974 Proinde
766 895 804 968 id
830 896 988 1004 inprimis
1013 893 1263 1004 Typographo
1285 891 1397 968 studio
1415 891 1482 968 else
1502 893 1632 1006 debet,
1659 913 1698 970 st
1716 919 1775 1014 ty:

579 991 1055 1164 {inlisisinlisis
1068 987 1775 1196 dissidiis?&missiliensi

579 1188 668 1260 tium
703 1181 902 1260 labentibus
940 1185 1052 1258 oculis
1085 1203 1214 1277 queant
1238 1177 1441 1255 satisfacere.
1495 1179 1657 1256 Nrmium
1681 1187 1775 1261 enim

578 1302 694 1357 acutae
714 1283 843 1354 litterae
856 1281 979 1375 oeulps
999 1273 1200 1366 offendunt,
1226 1297 1268 1350 ac
1291 1299 1413 1352 contra
1432 1299 1512 1373 quae
1536 1282 1699 1376 rotundae
1715 1305 1777 1380 ap·

577 1395 685 1474 teque
709 1377 924 1451 concinnate
951 1375 1053 1460 sunt,
1078 1369 1206 1447 etiamsi
1229 1373 1433 1448 minutiores
1457 1371 1544 1460 fiut,
1568 1372 1686 1452 ledlori
1713 1397 1779 1474 ap-

576 1474 760 1568 plaudunt.
809 1469 860 1544 Et
880 1471 924 1543 ab
948 1473 1019 1545 hnc
1042 1470 1183 1566 quidem
1199 1466 1371 1560 artificio,
1393 1468 1654 1568 Typographia
1678 1474 1775 1570 prin·

577 1571 676 1666 cipid
707 1567 877 1664 originem
901 1563 1033 1640 duxisse
1056 1567 1205 1641 videtur.

586 1691 589 1697 ·
626 1664 698 1738 Cui
712 1663 977 1739 adminiculatur
990 1659 1192 1735 eorumdem
1207 1681 1377 1760 typorum
1394 1657 1517 1750 fusor,
1542 1663 1642 1759 quio
1686 1661 1774 1742 tolie

577 1758 817 1858 locupletibus
834 1781 878 1832 ue
895 1756 1042 1833 officinis
1071 1757 1150 1832 clam
1165 1759 1287 1854 primis
1313 1757 1361 1831 est
1378 1756 1594 1833 necessarius.
1640 1683 1775 1856 {roti-

579 1855 638 1929 dr'e
662 1858 754 1932 enim
776 1785 840 1952 ips
865 1856 946 1951 typi
966 1855 1125 1928 litterarii
1147 1851 1351 1937 labascunt,
1376 1869 1593 1943 atteruntur,
1618 1855 1776 1934 confrin-

575 1972 776 2048 gunturque
787 1975 796 2026 :
807 1949 900 2024 unde
917 1953 954 2024 io
969 1947 1251 2046 consumptorum
1261 1945 1534 2047 re‘edlorumque
1545 1952 1687 2043 locum,
1712 1977 1775 2030 no·

577 2050 617 2121 vi
639 2071 706 2145 per
727 2045 879 2122 fusorem
898 2044 1124 2119 substituendi
1152 2041 1238 2124 sunt
1326 2043 1422 2120 erdem
1438 2047 1520 2134 licet
1533 2045 1607 2142 ejus
1629 2071 1701 2124 uon
1723 2051 1773 2127 ita

576 2145 779 2230 necessaria,
803 2142 1105 2240 quotidianaque,
1140 2140 1406 2228 u'tcaeterorum
1431 2142 1476 2215 de
1500 2141 1627 2239 quibus
1652 2147 1775 2241 postea

578 2240 766 2322 dicemus,
798 2240 848 2311 est
876 2260 1011 2335 opera,
1047 2235 1235 2334 praesertim
1258 2237 1294 2308 in
1323 2235 1460 2310 officina
1485 2236 1587 2312 semel
1608 2233 1700 2314 bene
1717 2245 1773 2318 iu·

577 2333 725 2412 strudla:
751 2353 904 2410 attamen
923 2354 962 2407 ut
990 2333 1043 2406 illi
1067 2333 1170 2427 primi
1194 2329 1422 2428 Imprelsoriae
1440 2333 1523 2406 artis
1550 2331 1775 2415 instrumenta

577 2429 892 2514 subministrarunt,
917 2431 964 2501 ita
988 2451 1054 2525 per
1069 2425 1204 2504 eosdem
1228 2429 1423 2512 retinenda,
1450 2429 1488 2503 dt
1511 2430 1687 2506 veteribus
1710 2433 1775 2510 de·

576 2525 776 2696 isicientibus
807 2529 907 2622 typis
939 2526 977 2598 in
1010 2547 1132 2600 eorum
1158 2523 1279 2596 locum
1314 2525 1400 2599 novi
1430 2522 1546 2599 rursus
1580 2523 1773 2612 sufficiendi

594 2644 668 2698 unt.

504 2713 509 2720 ’
626 2717 710 2790 Hos
737 2713 887 2810 sequitur
910 2717 941 2788 is
965 2737 1071 2812 quem
1099 2713 1376 2812 Compofitorem
1396 2733 1548 2808 vocant,
1580 2715 1678 2814 cujus
1702 2717 1778 2794 offi-

579 2813 674 2887 cium
697 2811 745 2886 est
764 2832 872 2908 typos
890 2810 984 2907 ipsos
1009 2813 1195 2886 litterarior
1213 2835 1278 2907 per
1290 2812 1424 2885 loculos
1441 2810 1519 2888 suos
1538 2812 1661 2890 ordine
1673 2819 1775 2914 juxta

577 2907 819 3004 Alphabetum
831 2907 1045 2994 collocatos,
1069 2904 1258 2982 secundum
1273 2910 1448 2981 materiam
1466 2905 1649 3005 subJeetam
1665 2912 1773 3002 libri,

577 3001 700 3100 operis
719 3025 762 3075 ue
787 3005 833 3074 im
863 3002 1028 3089 timendi,
1052 3004 1089 3076 in
1112 3027 1218 3078 unum
1240 3025 1475 3098 componere,
1501 3005 1539 3080 δι
1565 3005 1602 3077 in
1624 3005 1775 3103 syllabas

574 3099 673 3198 juxta
689 3026 863 3173 scribentli
885 3096 1167 3175 consuetudinem
1186 3101 1367 3196 colligere,
1392 3121 1570 3198 opereque
1593 3106 1777 3201 completo

577 3194 695 3272 rursus
717 3193 836 3304 postea
861 3191 999 3306 eosdem
1024 3217 1130 3292 typos
1165 3191 1373 3308 dissolvere,
1393 3197 1499 3291 inque
1533 3195 1612 3272 suos
1637 3201 1775 3312 loculos

578 3286 1775 3482 tiliis?’,libidinis-¹5„inidln-‚iildiai‘ndbf

577 3502 641 3568 to,
665 3481 786 3556 verbm
801 3483 904 3555 etiarn
923 3485 1104 3558 emendate
1123 3503 1230 3580 typos
1246 3481 1339 3578 ipsos
1354 3503 1552 3578 componat.
1585 3485 1652 3561 Uti
1678 3490 1770 3564 enim

577 3581 615 3654 in
633 3575 815 3652 scribendo
833 3579 859 3650 ii
877 3579 1081 3668 laudantur,
1107 3582 1167 3675 qui
1193 3581 1231 3654 dc
1252 3581 1409 3653 celeriter
1428 3581 1465 3653 δι
1484 3581 1641 3658 cdrredle
1654 3584 1774 3660 ‚dieta-

1893 3273 1896 3348 l

577 3699 615 3751 ea
641 3675 835 3785 recipiunt,
861 3671 1149 3770 describuntque:
1175 3672 1222 3750 src
1244 3671 1281 3746 dt
1303 3676 1406 3772 hujus
1428 3675 1680 3775 Compol'rtoris
1697 3681 1774 3754 dili·
1894 3685 1896 3708 ⁴

575 3793 716 3866 genua,
747 3791 817 3843 non
842 3771 1009 3842 minorem
1032 3767 1170 3844 laudem
1193 3791 1356 3844 meretur.
1407 3769 1483 3860 Qui
1504 3773 1630 3870 justam
1657 3797 1774 3851 autern

575 3872 667 3940 inter
682 3865 747 3940 hos
762 3887 904 3960 operam
926 3867 1094 3961 implent,
1117 3863 1227 3941 solent
1249 3864 1325 3939 sere
1348 3869 1433 3940 duas
1458 3867 1587 3945 fortnas
1613 3871 1773 3970 quotidie
1894 3861 1896 3936 l

574 3961 755 4037 exhibere:
781 3961 1039 4055 diligentiores,
1067 3979 1164 4038 tres:
1198 3966 1259 4060 qul
1285 3973 1458 4058 quotuor,
1482 3969 1520 4040 bi
1545 3969 1773 4066 cumprimis
1894 4053 1896 4092 A

574 4056 779 4155 praeilantes
809 4057 1007 4132 habentur:
1038 4061 1100 4155 qui
1138 4061 1354 4136 terdonam
1386 4060 1588 4150 dumtaxat,
1621 4065 1776 4164 ignavi?

573 4269 725 4325 terarum
757 4244 915 4325 omnium
944 4272 968 4324 o
1015 4272 1137 4323 rarum·
1156 4251 1258 4326 labor
1285 4249 1482 4327 damnosam
1506 4259 1641 4354 patitur
1663 4283 1776 4338 remo·

570 4365 658 4425 ram.
681 4344 805 4444 Itaque
823 4347 860 4421 iu
873 4347 946 4425 hoc
1002 4345 1203 4446 ypographi
1217 4349 1363 4445 vigilare
1378 4348 1509 4442 solent,
1535 4373 1574 4431 ut
1587 4351 1653 4454 ipli
1670 4355 1778 4532 Confir-

1688 4475 1738 4552 ΡΟ
1763 4497 1780 4522 ·

411 4155 432 4166 ‘
574 4155 700 4228 meritd
719 4173 896 4228 notantur.
945 4153 1064 4249 Atque
1085 4157 1143 4230 hic
1158 4155 1298 4248 quidem
1318 4153 1343 4229 fi
1363 4155 1529 4233 cessatum
1550 4157 1682 4248 buerit,
1707 4183 1774 4238 cae·
1894 4157 1896 4234 ἶ
