3967 5167
315 550 506 657 EPIST.
534 539 841 647 SELECTAE
869 572 937 641 an
965 548 1305 656 DlVERSOS.
1363 580 1419 668 23

219 757 318 855 quod
334 771 368 826 te
390 750 482 824 inter
495 756 736 843 praeceptores
756 761 853 817 meos
872 738 1052 821 recensere
1068 741 1200 843 posim.
1250 739 1301 822 Et
1318 767 1426 844 quau·

224 874 325 956 quam
344 848 430 922 milri
447 868 507 921 tua
521 841 682 917 dosirina
695 840 791 915 baud
807 842 867 913 diu
883 840 1018 937 perfrui
1036 844 1193 931 licuerit,
1220 842 1430 941 praedicabo

224 970 364 1029 mmeu,
390 960 463 1017 non
480 939 568 1037 quid
580 959 608 1031 ⁴u
622 952 655 1010 re
671 938 831 1011 utilitatis
854 938 1066 1031 acceperim,
1091 937 1151 1012 sed
1165 940 1251 1034 quid
1269 942 1430 1038 accipere
1555 1023 1559 1032 ¹

224 1044 413 1143 potuerim.
463 1037 556 1109 Nam
582 1038 727 1109 multum
756 1052 799 1103 an
818 1052 943 1125 parum
967 1028 1128 1130 discipuli
1144 1035 1364 1202 proficiam,
1389 1038 1431 1137 ia

223 1142 377 1243 ipsorum
407 1133 587 1229 diligentia
609 1126 846 1225 industriaque
871 1126 969 1201 stum
998 1128 1066 1203 est:
1092 1149 1143 1224 po
1171 1150 1299 1221 evero
1348 1137 1433 1208 luri·

225 1258 320 1311 mum
382 1228 575 1314 meamea
590 1228 732 1299 demum
747 1228 851 1299 unica
862 1222 1032 1298 Dodloris
1047 1228 1120 1298 laus
1132 1226 1189 1299 est.
1216 1220 1291 1323 Qui
1327 1223 1431 1307 osiri-

227 1356 309 1409 narn
337 1350 417 1402 uam
435 1322 529 1421 quali
546 1325 672 1397 lauram
690 1323 875 1417 quamdam
898 1340 1031 1394 coenam
1056 1321 1274 1396 auditoribus
1296 1341 1430 1421 propo·

229 1434 302 1515 nir,
326 1448 355 1499 ι·
366 1445 434 1520 qua
455 1423 514 1517 qul
528 1414 1116 1514 jejuniesurienccsuucdisceclunt,
1137 1410 1199 1491 libi
1214 1425 1339 1494 merito
1356 1439 1435 1493 eam

228 1530 370 1621 culpam
387 1522 559 1615 imputare
579 1512 721 1587 debent.
772 1512 866 1585 Nam
894 1530 1096 1609 praeceptor
1161 1508 1206 1587 all
1230 1512 1433 1612 splendidus
1528 1534 1536 1549 ·

231 1620 443 1697 convivabor
462 1630 589 1687 munau
605 1607 704 1681 sumu
726 1630 806 1682 cum
826 1610 931 1682 laude
948 1610 1096 1707 peregit.
1150 1614 1182 1683 ic
1203 1608 1239 1684 dt
1261 1631 1327 1708 ego
1343 1615 1434 1686 hanc

231 1713 406 1889 'Yscmilri
433 1728 559 1782 norem
585 1708 690 1780 nocui
718 1706 816 1799 qnod
839 1704 883 1776 ad
904 1708 1036 1802 primos
1060 1708 1302 1782 conviviorum
1322 1702 1440 1781 missua

94 1809 102 1817 ’
258 1838 279 1888 e
304 1808 481 1883 lautissima
506 1824 569 1877 rua
593 1817 690 1877 eona
717 1796 930 1875 discesserim.
993 1800 1113 1897 Quum
1139 1818 1253 1878 rumen
1271 1808 1332 1877 uel
1357 1804 1441 1879 ideo

234 1908 332 2007 quod
347 1902 574 2001 degustem,
599 1916 694 1971 tuam
710 1894 844 1992 semper
863 1916 917 1968 ma
944 1894 1153 1972 nlfiecntiam
1177 1902 1301 1975 merito
1323 1902 1442 1975 inore

236 2004 367 2081 habear
385 1998 512 2075 debeo.
563 1994 680 2088 Atque
697 1992 750 2065 ob
764 2011 839 2064 eam
856 1915 989 2067 causam
1013 1996 1142 2091 gratias
1163 1994 1228 2067 tibi
1245 2011 1313 2091 ugo
1333 1996 1441 2069 maxi·

218 2188 222 2193 Ι
238 2120 335 2185 nao3
358 2096 457 2193 quod
472 2090 511 2166 ἃ
527 2089 689 2163 Valentia
704 2086 882 2163 disledem
899 2110 1017 2164 coram
1032 2085 1151 2164 facere
1167 2088 1346 2168 volueram
1357 2089 1442 2181 ,nili
1463 2176 1469 2186 ,

239 2220 300 2271 me
314 2214 400 2269 ω
417 2188 642 2266 verecundia
657 2186 784 2259 virium
803 2182 1055 2283 impedivllset:
1073 2185 1183 2284 eujus
1203 2191 1300 2285 quod
1316 2206 1354 2263 tu
1371 2208 1443 2266 tam

241 2314 345 2386 aque
370 2284 623 2361 motionem
654 2284 849 2377 acceperis,
875 2282 1000 2357 iterum
1022 2282 1207 2379 plurimam
1233 2286 1347 2359 habeo
1391 2279 1444 2359 ra·'

239 2390 337 2463 tim
387 2381 500 2459 Causa
520 2397 636 2454 aurem
646 2430 657 2467 ,
668 2379 766 2473 quod
776 2397 870 2453 nunc
885 2378 990 2452 serius
1006 2372 1210 2467 rescribam,
1221 2376 1346 2455 easere
1361 2306 1448 2471 suit,

242 2483 343 2581 qaod
355 2477 596 2576 superioribus
602 2470 774 2548 mensibus
783 2476 924 2569 quidam
937 2474 980 2547 ad
998 2476 1156 2547 nocituri
1166 2529 1179 2563 ,
1189 2476 1352 2571 ultroque
1369 2478 1450 2550 lire·

245 2604 303 2653 ru
328 2598 428 2651 arne
442 2570 670 2667 somena,
694 2570 755 2643 dia
772 2570 818 2643 ab
840 2568 958 2641 officio
985 2564 1159 2642 scribendi
1178 2563 1373 2668 suspensum
1399 2592 1449 2650 te·

246 2675 408 2757 noem,
434 2682 475 2741 ac
486 2666 707 2741 deinde-dum
727 2660 867 2737 Parisiie
884 2660 1010 2751 essem,
1030 2662 1173 2762 aliisque
1189 2668 1278 2740 locis
1293 2673 1451 2743 relaxan-

248 2772 289 2846 ὣ
314 2768 420 2845 enimi
438 2760 539 2839 oense
562 2761 828 2859 peregrinarer,
860 2778 917 2833 me
950 2756 1088 2835 absente
1112 2764 1198 2837 hinc
1228 2762 1453 2841 discesserint

250 2864 367 2955 Quod
387 2856 548 2939 reversus
568 2857 674 2930 numa
695 2858 811 2941 dolui,
836 2878 906 2933 nec
929 2875 1045 2931 tamen
1070 2858 1174 2933 ciriut
1191 2858 1354 2935 relircire
1379 2883 1453 2937 ton

248 2966 396 3057 lortgum
421 2956 592 3029 liltormm
611 2956 731 3049 potui,
756 2954 853 3049 quod
875 2954 989 3027 nulus
1017 2949 1049 3027 sc
1067 2957 1152 3031 mibi
1179 2956 1380 3032 tabellarius
1394 2956 1450 3030 os·

235 3058 368 3132 seruet.
418 3052 581 3126 Tandem
599 3070 715 3122 autem
737 3052 767 3121 is
784 3050 931 3145 obtigit,
958 3072 1030 3145 quo
1056 3072 1127 3124 nou
1149 3049 1261 3146 pollet
1279 3055 1367 3128 aliua
1383 3050 1454 3129 ell'e

252 3154 406 3251 genior,
432 3150 564 3245 quippe
583 3142 815 3219 familiaritate
830 3146 916 3217 mihi
937 3142 1045 3219 valde
1059 3146 1221 3244 jamma,
1247 3149 1285 3222 δι
1310 3148 1384 3243 ipse
1399 3146 1454 3223 sa·

251 3249 404 3335 cundia,
426 3246 661 3337 civiliumque
678 3236 749 3313 rol
769 3240 905 3337 vulgari
921 3239 1101 3337 praeditum
1136 3235 1278 3338 'quue
1300 3260 1457 3339 parrona

253 3346 356 3421 sicile
372 3340 582 3417 mevaniam
600 3339 662 3411 abs
681 3344 716 3408 t'e
730 3338 992 3433 impetraturum
1006 3331 1117 3433 spero.
1166 3336 1228 3423 Est
1245 3342 1361 3416 aulem
1377 3339 1457 3437 ipse

256 3435 611 3527 Academiarum
628 3433 792 3529 miriones
823 3434 1007 3515 alemanus,
1041 3436 1095 3506 ad·
1116 3443 1222 3527 quam
1245 3458 1337 3511 nunc
1361 3430 1460 3531 quasa

257 3532 473 3633 postliminio
488 3530 600 3617 redit,
624 3529 682 3615 rit,
710 3530 806 3619 quoti
830 3548 899 3623 ego
926 3523 1095 3613 arbitror,
1119 3531 1234 3604 vestro
1261 3535 1391 3607 'udicio
1411 3532 1458 3607 ad

259 3632 428 3707 dolirinae
453 3624 595 3720 infignia
620 3620 823 3721 capessenda
845 3624 1067 3719 comprobari
1093 3628 1204 3720 cupit.
1292 3631 1315 3699 il
1339 3650 1458 3701 autem

260 3750 353 3824 opus
370 3719 441 3805 est,
467 3740 505 3792 ut
520 3745 597 3793 eum
613 3744 679 3815 ego
695 3721 759 3791 tibi
775 3722 1032 3804 commendem,
1058 3744 1167 3816 quum
1188 3726 1343 3819 propriis
1367 3727 1461 3798 doti·

102 3858 105 3870 =
259 3826 327 3900 bus
343 3816 389 3893 sic
408 3814 637 3910 respondeat,
663 3834 703 3885 ut
719 3817 807 3887 nihil
823 3818 1016 3892 ornamenti
1031 3817 1171 3890 alterius
1188 3823 1346 3892 oratione
1360 3841 1459 3895 acce·

103 3918 106 4013 't
262 3919 344 3991 dere
360 3916 393 3991 ei
414 3910 525 4009 possit.
560 3908 800 3996 Quamobrem
817 3908 854 3983 tic
874 3932 933 3984 tua
949 3910 1051 4007 spero
1071 3916 1315 3987 benevolentia
1332 3916 1461 4010 dignis·

261 4015 380 4089 simum
399 4006 509 4103 ipsum
526 4002 725 4100 cognosces.
750 4001 823 4077 Hic
845 4028 960 4079 autem
982 4010 1026 4080 de
1045 4009 1169 4080 uostris
1190 4008 1403 4102 Dodioribus
1420 4010 1463 4086 dc

264 4114 332 4184 hac
351 4102 539 4189 Academia
555 4098 781 4196 copiofiffime
800 4098 863 4174 tibi
881 4098 1007 4176 cundia
1021 4100 1149 4177 referre
1164 4109 1315 4201 poterit,
1338 4128 1377 4180 ut
1388 4108 1465 4205 ipse

264 4201 428 4299 eiusmodi
449 4198 552 4273 rebus
570 4196 759 4272 scribendis
777 4193 1066 4294 supersedendum
1082 4203 1169 4273 milri
1180 4202 1314 4279 ducam.
1341 4204 1464 4294 Quam
1522 4232 1538 4283 ·.

114 4357 127 4372 ..
267 4319 382 4375 autem
395 4321 450 4373 me
469 4294 620 4375 felicem
642 4290 709 4373 elie
725 4313 785 4391 tua
799 4294 1046 4374 benevolentia
1059 4295 1271 4391 existimem,
1296 4302 1367 4376 dici
1389 4323 1465 4373 non

1384 4413 1472 4490 poa·
