3967 5167
328 525 520 624 norst.
554 509 863 620 sennenn
893 542 960 612 nn
990 513 1328 620 niventon
1386 527 1443 642 e,
1523 632 1527 666 .
1590 595 1594 606 .

95 764 97 790 .
230 703 323 782 tium
335 700 500 800 privatim
523 695 761 773 institutiones
779 694 958 794 Justinieni
971 695 1186 792 perlegerem
1195 707 1212 784 ,'
1232 717 1313 793 qoae
1337 698 1380 770 ad
1400 697 1440 770 ii·

241 805 292 876 ias
312 801 388 874 sunt
414 795 460 870 ab
495 793 638 870 diversit
673 792 926 888 interpretibus
949 813 1137 880 annotata,
1178 793 1439 887 exercitationis

238 899 347 992 gnua
361 893 505 969 brevius
550 885 714 986 utiusque
739 889 959 984 exprimere,
986 909 1094 982 atque
1112 890 1156 962 ad
1176 885 1439 982 jurisconsulto·

230 1016 316 1066 rum
331 991 446 1063 stilum
471 1011 510 1062 re
527 1007 662 1060 urmare
679 1005 836 1060 conaren
884 980 958 1056 Hic
972 1006 1061 1060 vero
1075 986 1176 1060 labor
1192 987 1227 1056 in
1247 989 1317 1060 hoc
1336 983 1435 1059 certe

229 1087 324 1162 mihi
378 1083 528 1168 roiuit,
566 1081 665 1178 quod
699 1081 992 1156 commentatione
1023 1081 1227 1178 quotidiana
1255 1081 1371 1156 stilum
1396 1081 1436 1156 δι

234 1208 336 1260 emen
362 1184 494 1256 averim
526 1179 654 1274 aliqua
675 1200 721 1252 ex
751 1197 878 1274 parte,
909 1173 948 1248 δι
981 1176 1276 1252 confirmaverim.
1327 1175 1436 1252 Unde

222 1298 277 1354 :tu
300 1280 471 1376 quidem,
494 1273 725 1349 Eruditiilime
749 1275 799 1348 D.
822 1274 982 1372 Eresrne,
1016 1273 1288 1348 animadvertere
1313 1293 1434 1369 potet,

236 1375 344 1470 quim
355 1397 427 1447 non
446 1367 683 1446 affectaverim
703 1369 879 1444 dudonem
889 1365 1059 1466 phrafim,
1083 1365 1123 1444 dt
1142 1367 1235 1444 unde
1254 1371 1332 1443 haee
1351 1389 1436 1464 qua·

233 1473 395 1566 lisqualis
409 1465 480 1542 stili
493 1465 645 1540 facultee
661 1463 764 1538 nobis
777 1485 900 1561 parata
916 1463 968 1536 stt.
1018 1463 1165 1540 Dudum
1181 1467 1268 1540 verb
1284 1463 1434 1560 primam

200 1643 203 1649 ,
232 1567 332 1638 iliam
351 1563 509 1638 imitandi
533 1564 795 1637 contentionem
812 1557 949 1646 renti,
971 1559 1114 1656 quando
1136 1561 1317 1649 videbam,
1343 1563 1433 1634 mul·

234 1682 309 1735 tum
326 1662 415 1734 mibi
429 1681 470 1733 en
483 1680 595 1754 opera
611 1658 778 1754 temporie
798 1656 915 1752 perire
925 1703 938 1742 ,
961 1656 1056 1751 qood
1082 1658 1239 1754 legendis
1256 1655 1430 1750 Interpre-

95 1816 96 1820 η
234 1759 349 1844 tibus,
375 1775 526 1854 quorum
543 1751 637 1856 pene
657 1753 811 1828 infinitus
835 1751 886 1827 est
904 1771 1094 1840 numerus,
1121 1750 1246 1826 rectius
1279 1753 1430 1828 colloca·
1502 1745 1504 1756 ’

95 1917 96 1929 ,
231 1877 324 1926 rem:
338 1849 390 1926 'de
412 1847 557 1950 quando
573 1851 679 1923 etium
697 1847 950 1942 intelligebam·
961 1847 1213 1942 jurisconsulto
1232 1846 1311 1926 foro
1332 1872 1430 1923 uten-

230 1949 315 2023 dum
345 1943 434 2035 effe,
459 1946 556 2042 quod
579 1947 674 2020 illam
701 1943 872 2020 Veterum
895 1945 1087 2040 puritatem
1112 1945 1244 2019 dudum
1270 1943 1428 2041 explosit.

95 2086 96 2096 κ
231 2045 300 2118 Sed
325 2060 444 2116 tamen
463 2043 577 2114 minue
593 2063 651 2116 me
668 2043 777 2117 modu
797 2038 881 2114 fatti
907 2043 1070 2138 poenitet,
1095 2039 1176 2114 crim
1199 2043 1340 2114 abunde
1358 2064 1429 2112 nra·

230 2161 342 2234 gnum
360 2161 404 2212 ex
421 2159 465 2211 eo
485 2133 637 2210 studium
655 2137 868 2232 acceperim,
893 2136 992 2232 quod
1010 2136 1076 2210 tibi
1100 2135 1230 2210 scilicet
1246 2136 1337 2210 visus
1352 2134 1428 2210 sum

229 2237 278 2310 ob
308 2237 597 2330 qualemcumque
622 2231 822 2330 profectum
834 2281 847 2319 ,
883 2229 1040 2305 Tulliana
1071 2229 1234 2306 dictionis
1265 2232 1428 2307 candida·

229 2350 305 2404 tus:
333 2329 394 2402 nist
414 2351 529 2404 tamen
547 2349 586 2404 tu
605 2332 748 2404 omniuo
763 2343 900 2402 mecum
912 2327 1053 2422 jocaris.
1102 2327 1172 2404 Sed
1194 2350 1262 2424 ego
1281 2327 1328 2402 src
1347 2349 1427 2422 quae

229 2448 302 2503 ate
315 2424 512 2500 scribuntur
525 2426 750 2518 interpretari
766 2426 879 2508 malo,
902 2445 977 2516 quo
992 2425 1129 2496 interea
1153 2429 1227 2518 ejur
1250 2423 1426 2517 opinionis

228 2541 299 2596 tuae
316 2520 419 2595 usura
434 2520 539 2594 fruar.
574 2519 655 2612 Jam
669 2543 757 2594 vero
774 2521 856 2592 audi
874 2517 990 2609 quaeso
1006 2513 1142 2592 causam
1156 2515 1425 2604 controversae,

228 2639 310 2713 qute
327 2618 415 2690 mihi
428 2617 490 2688 hic
511 2613 560 2688 est
577 2636 658 2688 cum
678 2609 835 2710 praefatis
859 2615 1080 2686 Ciceronianis.
1130 2613 1222 2688 Ctim
1239 2613 1425 2694 Patavium

204 2708 460 2794 advenissem,
483 2705 706 2784 conversatus
726 2709 849 2794 initio,
873 2729 983 2802 prout
999 2705 1077 2782 usus
1100 2707 1319 2804 postulabat,
1345 2733 1424 2784 curn

225 2806 433 2905 quibusdam
452 2803 682 2890 nostratibus,
704 2828 747 2879 ac
767 2827 834 2899 per
856 2825 918 2878 eoa
941 2805 1038 2878 Italia
1061 2811 1240 2880 nonnullis
1276 2803 1423 2880 infinua·

96 2980 97 2985 ,
225 2927 281 2978 tus
298 2907 401 2999 huJus
415 2899 538 2988 sesiae,
554 2901 680 2979 audivi
691 2903 874 2995 aliquoties
889 2903 1056 2976 Lazarum
1067 2954 1077 2990 ,
1088 2923 1128 2974 ac
1146 2900 1289 2978 salutavi
1304 2903 1419 2976 etiarn.

225 3001 260 3076 la
284 3021 400 3074 autem
420 2998 530 3075 libror
557 2998 708 3070 Ciceronis
723 2996 769 3069 de
788 2995 942 3071 Oratore
958 2995 1212 3094 profitebatur,
1247 3001 1309 3094 qui
1343 2999 1420 3094 qui·

224 3100 302 3170 dem
320 3117 379 3168 me
405 3116 476 3166 non
494 3093 643 3166 multurn
661 3088 843 3167 afficiebat
891 3091 980 3166 Erat
998 3115 1084 3166 vero
1099 3095 1137 3168 δι
1160 3097 1291 3188 aliquid
1322 3097 1421 3190 quod

224 3216 279 3265 me
294 3193 339 3265 ab
359 3193 433 3284 ejus
457 3189 635 3262 auditione
668 3208 858 3272 averteret,
891 3191 989 3284 quod
1013 3186 1284 3280 Jurisconsultus
1315 3191 1421 3284 primi

223 3291 285 3362 hic
297 3287 447 3361 nominis
463 3286 573 3378 paulo
591 3303 671 3358 ante
685 3305 766 3356 eum
776 3281 1017 3380 profiteretur,
1043 3283 1080 3355 δι
1098 3309 1177 3358 emn
1193 3309 1233 3358 ea
1249 3281 1420 3358 transcur-

223 3381 311 3456 sutio
333 3383 418 3454 mihi
442 3377 525 3452 esset
549 3378 710 3462 molesta,
742 3399 818 3454 tum
840 3401 928 3454 vero
954 3401 1010 3451 me
1041 3377 1245 3454 detinebant
1270 3377 1421 3478 disputa·

224 3481 361 3560 tiones,
384 3497 463 3570 quae
479 3475 539 3548 hic
554 3475 599 3548 ad
617 3472 784 3570 egressum
800 3471 957 3549 lectionis
974 3473 1095 3550 haberi
1110 3475 1244 3561 solent,
1269 3475 1348 3550 etim
1361 3501 1418 3550 au·

222 3571 399 3646 ditoribus
432 3568 583 3663 potestat
611 3572 818 3645 conceditur
837 3568 1000 3645 aurosus
1029 3576 1258 3668 praeceptoris
1283 3569 1420 3647 senten·

223 3674 310 3742 tiam
343 3669 379 3741 in
409 3664 703 3741 Scholasticorum
734 3668 867 3742 circulo
898 3667 1174 3762 argumentandi.
1224 3667 1299 3742 Ubi
1331 3689 1418 3742 vero

146 3846 151 3860 Ι
222 3765 396 3838 Lazarum
416 3759 648 3845 deseruissem,
673 3763 709 3835 id
720 3761 831 3834 statim
847 3763 925 3838 illue
943 3785 1037 3859 aegre
1052 3763 1197 3850 babuit,
1223 3760 1317 3858 quast
1335 3787 1419 3836 con·

226 3879 418 3935 temnerem
442 3857 698 3944 hominemtam
715 3857 891 3950 praeilanti
915 3859 1128 3944 eruditione,
1155 3859 1194 3935 &
1217 3861 1416 3934 Ciceroniana
1471 3927 1480 3938 ,

224 3954 388 4030 &cundia
403 3951 602 4050 praeditum.
649 3947 742 4024 Ilico
777 3957 896 4046 itaque
915 3955 1035 4027 andivi
1071 3956 1288 4040 convitium,
1319 3958 1417 4050 quod

223 4050 287 4147 ipsi
315 4072 419 4124 atrox
435 4043 503 4122 eise
526 4045 735 4137 existimant,
758 4047 855 4144 quud
876 4072 947 4120 non
961 4047 1063 4124 essem
1083 4051 1316 4138 Ciceronianus,
1341 4073 1415 4124 turn

99 4234 100 4247 ψ
224 4137 1416 4334 ttttt‘ltl‘tdldslt·lltvttteltlnltt

224 4357 292 4432 per
319 4336 395 4412 iore
429 4331 602 4432 respondi.
651 4331 741 4412 Hoc
771 4335 950 4503 prinlcipio
986 4293 1251 4434 dato,'de,inde
1289 4339 1338 4412 illi
1371 4359 1420 4413 ex

327 4479 333 4487 =
579 4503 584 4508 .
694 4455 698 4460 ’
887 4456 908 4527 ³
1074 4448 1078 4456 '
1334 4451 1418 4526 qua·
