3967 5167
305 532 498 627 ausu.
529 530 834 626 suuucuru
883 554 948 622 m
988 531 1323 653 utvuusoe
1354 563 1435 677 37³
1477 607 1478 616 ψ

224 728 413 803 Schultetn
438 731 454 817 (
463 726 507 823 3)
537 730 605 801 hac
627 727 683 797 uti
703 723 890 797 videbamr
908 726 959 797 .de
986 723 1089 799 causa
1101 776 1112 812 ,
1141 748 1212 800 non
1240 728 1318 805 satir
1344 752 1428 805 con·

92 823 93 916 ,
220 825 403 910 veniebat,
425 822 485 896 sed
507 826 663 919 legitima
684 818 776 895 faeta
790 819 1036 894 informatione
1052 844 1125 894 non
1149 824 1218 898 hoc
1246 825 1313 900 suit
1333 848 1426 899 com·

219 942 382 1015 percum,
408 919 507 1014 quod
537 916 776 1013 objiciebatur.
826 914 1004 1011 Cuperem
1035 936 1186 1005 autern,
1221 943 1262 993 ut
1288 922 1423 996 secreto

92 1047 93 1062 ¹
218 1038 264 1089 ac
284 1013 410 1089 diserte
426 1012 695 1109 investigaretur
708 1012 882 1086 undenam
900 1036 941 1087 ea
966 1016 1296 1088 communicantium
1325 1017 1423 1089 dimi·

92 1179 93 1184 ,
217 1112 321 1183 nutio
335 1100 564 1207 procederet,
589 1107 628 1181 ἀ
643 1107 668 1181 st
683 1110 769 1205 quid
784 1107 827 1181 lit
849 1110 885 1179 in
906 1132 979 1203 quo
999 1111 1082 1183 huic
1104 1111 1295 1205 providere
1321 1114 1421 1210 polit·

92 1212 93 1266 ῑ
218 1228 313 1283 mus.
362 1205 463 1281 Vale.
511 1206 688 1283 Bruxellae
715 1210 769 1280 18.
794 1204 978 1279 februarii
1002 1228 1094 1279 anno
1129 1228 1232 1303 1555.

376 1410 884 1507 uprsuoun
942 1379 1280 1509 cuxttt.
1461 1418 1585 1484 mr..

1458 1517 1507 1559 mo
1519 1496 1575 1562 IV.

205 1630 209 1644 ·
319 1630 1337 1759 Joauuuntcuuuutr

1460 1577 1514 1639 sul.
1537 1585 1604 1651 568.
1655 1656 1665 1687 ¹

223 1846 300 1943 De
321 1846 421 1964 seue
440 1845 637 1961 Pontifice
660 1844 755 1935 bene
791 1871 934 1964 perat,
964 1848 1023 1944 θ’
1045 1852 1200 1967 Joanm‘
1226 1862 1422 1975 injungit,
1470 1882 1517 1958 rs
1524 1879 1579 1957 55.

225 1996 228 2001 ·
283 1983 329 2051 ut
356 1960 407 2048 ab
434 1990 477 2051 eo
503 1958 625 2051 Eccle
640 1986 687 2046 tae
768 1964 937 2067 orinenfi
958 1974 1176 2082 impetrare
1201 1992 1365 2058 conetur·

616 2100 765 2165 novum
788 2076 1025 2191 episcopum.

226 2296 386 2474 OUae
409 2296 454 2372 ad
473 2320 529 2373 me
543 2296 646 2372 Maio
668 2296 846 2393 Junioque
870 2296 983 2371 mense
1002 2296 1180 2397 scripfisti,
1206 2301 1332 2376 eximie
1349 2264 1428 2375 Do·
1461 2320 1464 2326 ’

340 2396 430 2467 mine
463 2395 619 2478 Richebe,
656 2417 697 2467 ea
726 2392 873 2487 Reginae
901 2392 1047 2469 fideliter
1070 2398 1344 2481 communicavi,
1368 2400 1427 2472 cui
1560 2430 1565 2443 ·

224 2494 299 2564 hoc
322 2511 420 2564 tuum
438 2488 588 2563 officium
606 2486 821 2584 fignificandi
835 2490 936 2562 nobis
952 2514 993 2563 ea
1012 2516 1092 2585 quae
1109 2498 1145 2565 in
1165 2495 1249 2567 urbe
1265 2517 1425 2589 gereren-

224 2580 288 2661 tur
303 2584 370 2657 fuit
388 2586 618 2678 gratiffitnum.
667 2584 724 2656 De
742 2583 819 2657 sene
832 2583 1008 2670 ,Pontifice
1027 2584 1099 2684 (2)
1125 2587 1175 2661 nil
1194 2588 1255 2660 nifi
1271 2588 1424 2663 unctum
1557 2599 1564 2609 '

225 2702 273 2755 ac
299 2680 497 2753 concordiae
521 2676 688 2753 Ecclefiae
721 2681 758 2753 in
781 2700 875 2751 tauta
893 2679 1088 2777 Religionis
1113 2682 1315 2759 confusione
1340 2710 1423 2760 con·
1457 2744 1462 2755 .

256 2800 359 2849 tuum
383 2773 518 2869 sperare
544 2775 722 2848 debemus.
772 2774 849 2863 Qui
881 2780 1014 2849 utinam
1038 2782 1267 2875 intelligeret,
1292 2801 1422 2877 quanto

91 2862 96 2908 ἶ
226 2800 345 2946 {udin
369 2893 410 2943 ac
432 2872 552 2945 labore
583 2871 621 2942 in
644 2872 710 2945 hac
736 2869 881 2981 Belgica
906 2871 1023 2947 nostra
1046 2872 1293 2953 Orthodoxam
1318 2876 1423 2953 fidem

228 2966 437 3043 conservare
460 2990 635 3039 conemur.
685 2967 743 3041 Sic
764 2990 853 3040 emm
877 2966 979 3041 facile
996 2994 1059 3044 nos
1085 2972 1326 3070 impetraturos
1348 2972 1424 3071 spe·

228 3086 367 3152 tarem,
390 3083 430 3138 ut
459 3063 599 3138 tandem
624 3060 856 3139 Mutinensem
872 3062 1063 3141 Ecclesiam
1089 3068 1162 3169 (g)
1184 3068 1256 3167 jam
1281 3091 1381 3144 tanto
1404 3092 1427 3142 a

1342 3184 1429 3238 tem·

232 3315 1427 3500 ..inmutetululatuaununtianlrltluuaa:
1679 3362 1686 3389 ·

232 3484 385 3575 multam·
406 3483 503 3550 litem
522 3481 699 3563 susttuu1t3
723 3502 861 3566 June-ne
891 3502 936 3551 an
961 3502 1108 3633 mpurra,
1130 3506 1200 3551 non
1227 3487 1357 3553 constat
1376 3484 1427 3551 sa·

235 3569 292 3634 tis.
332 3566 442 3631 Ahter
468 3583 543 3631 rem
573 3579 712 3646 narra-nt
738 3566 944 3646 Catholici,
973 3570 1073 3635 aiter
1103 3568 1312 3639 Acatholici.
1353 3568 1425 3637 Cui

92 3689 93 3692 κ
234 3647 343 3718 eaest
365 3648 476 3725 tanti,
506 3649 623 3716 videat
648 3650 755 3735 Heuff.
784 3649 854 3732 list.
882 3651 911 3716 E
936 3659 980 3719 'n
1002 3652 1099 3721 Harl.
1143 3674 1193 3737 ag.
1221 3656 1275 3736 96.
1316 3652 1361 3719 Et
1386 3652 1424 3719 in

235 3733 322 3801 edit.
340 3730 527 3795 vernacula
548 3745 659 3796 romum
681 3754 712 3816 4.
734 3750 769 3818 p.
793 3738 866 3815 178.
887 3669 940 3803 ὅ,
949 3739 1020 3819 184.
1054 3753 1094 3801 ac
1113 3672 1249 3821 fluorum
1273 3737 1319 3802 Le
1336 3734 1424 3818 Lung

232 3814 318 3898 Hiss.
339 3832 408 3880 vau
426 3812 461 3877 de
482 3812 525 3877 Re
541 3833 615 3881 orm.
634 3816 686 3879 der
698 3814 782 3898 liudi
800 3816 990 3898 Amflerdum
1010 3826 1043 3883 in
1060 3818 1122 3905 ful.
1146 3840 1160 3885 1
1187 3838 1238 3902 29.
1253 3838 1326 3907 pag.
1347 3822 1424 3901 506.

280 3897 343 3985 (1)
366 3896 484 3979 joanni
535 3896 644 3983 ήκω]
665 3899 747 3963 Erat
768 3898 898 3967 Orator
918 3900 1060 3969 Caesaris
1082 3904 1119 3968 in
1180 3904 1254 3971 ube.
1274 3902 1317 3971 V.
1335 3902 1423 3970 Not.

236 3986 282 4051 ud
305 3980 410 4065 Epist.
433 3976 562 4046 CCXI.
583 3980 629 4045 ad
655 3981 872 4064 Hopperum.

280 4066 348 4151 (a)
368 4064 420 4129 De
434 4062 505 4147 sene
526 4061 693 4148 Pautalia]
716 4066 838 4130 Sermo
868 4065 917 4133 est
937 4069 982 4134 de
999 4062 1096 4132 Paulo
1121 4062 1184 4135 W.
1207 4070 1264 4153 qui
1283 4066 1423 4155 ostoge·

236 4150 350 4214 narius
364 4147 444 4213 curn
462 4144 561 4223 esset,
581 4147 707 4213 elestus
721 4165 833 4231 nuper
849 4147 981 4224 fuerat,
1003 4168 1128 4235 nempe
1149 4151 1284 4218 decimo
1299 4152 1424 4220 Kalen·

236 4232 409 4380 {fflffil
426 4229 526 4326 hujus
548 4231 629 4295 anni
647 4248 741 4313 1555.
759 4249 841 4298 cum
864 4251 933 4317 quo
958 4233 1086 4302 Caesari
1106 4254 1188 4301 mox
1202 4232 1329 4303 bellum
1344 4237 1422 4305 fuit.

92 4325 93 4344 ³
229 4365 235 4374 .
404 4330 528 4380 uncos.
617 4318 625 4332 '

282 4394 346 4481 (3)
366 4396 562 4483 Mutinensem
579 4397 747 4486 ecrussom]
768 4399 850 4563 HAoc
869 4399 967 4484 ngr'r'
983 4400 1024 4474 clu
1051 4402 1192 4492 Reginae
1208 4404 1323 4553 Mardum
1339 4396 1426 4547 effi.

831 4507 893 4561 Η
916 4508 937 4585 3
1299 4500 1371 4551 &lu
1413 4524 1425 4562 r
