3967 5167
328 570 520 667 EPIST.
552 566 859 663 sonuerit
886 591 951 659 an
979 566 1310 663 niveusoa
1341 596 1429 688 405

86 777 88 808 ⁵
222 774 380 846 Statuum
397 792 511 845 autem
532 768 788 841 convocatione
808 766 936 841 ibidem
953 764 1039 840 nihii
1056 764 1200 852 rescivi,
1217 766 1278 839 nist
1301 792 1337 840 re
1359 774 1428 863 jam

86 897 87 902 ¹
223 870 383 951 decreta3
409 889 475 940 nec
500 864 626 939 cessavi
643 862 829 935 admonere
846 888 926 949 eos,
953 867 1014 957 qui
1030 864 1123 957 apud
1146 862 1427 937 Gubernatorem

86 1011 87 1050 t
221 965 324 1050 sunt,
349 963 454 1059 quarn
474 960 610 1053 semper
640 960 814 1038 diversum
835 960 894 1032 hic
918 958 1030 1032 visum
1059 958 1171 1031 fuerit.
1221 958 1321 1032 Deus
1348 984 1432 1053 con-

223 1060 325 1135 cedat
350 1078 390 1132 ut
417 1058 538 1129 melius
567 1056 732 1150 opinione
756 1053 871 1127 nostra
898 1079 952 1127 res
975 1078 1016 1129 ea
1033 1052 1206 1129 succedat.
1261 1054 1431 1131 Genuen·

86 1142 92 1218 ῘΓ
223 1157 310 1229 sium
333 1152 505 1225 discordia
525 1153 722 1247 importune
746 1156 781 1226 in
805 1154 874 1223 hoc
905 1172 1043 1247 tempus
1073 1153 1222 1235 incidit,
1256 1174 1431 1239 veremur·

86 1275 87 1314 ³
221 1272 364 1348 queue
387 1248 539 1323 Gallicae
563 1250 659 1343 pacis
683 1246 762 1322 faba
786 1249 824 1319 in
849 1246 1002 1319 nostrum
1028 1268 1135 1343 caput
1156 1246 1324 1333 cudatur,
1359 1270 1430 1321 non

86 1363 87 1370 ’
222 1345 348 1421 desunt
371 1349 484 1430 enim,
510 1348 598 1437 qui,
624 1345 718 1437 quod
743 1345 952 1416 Admiralius
981 1346 1063 1416 oiim
1089 1364 1208 1416 contra
1234 1346 1324 1415 hanc
1349 1366 1432 1439 pro·

221 1446 376 1517 vinciam
388 1440 667 1527 machinabatur,
692 1436 831 1513 effestui
855 1438 990 1513 tradere
1011 1440 1183 1534 gestiant,
1210 1462 1249 1512 ac
1275 1439 1311 1511 id
1336 1442 1432 1513 omni

224 1536 342 1613 studio
361 1537 542 1611 contendit
551 1534 769 1609 Auraiccnsrs
775 1533 923 1724 P'usque
940 1530 1099 1609 faitionis
1116 1536 1297 1630 conjurati.
1325 1535 1431 1609 Dnus

86 1657 87 1665 ¹
223 1631 438 1729 Praepoiitus
456 1630 627 1716 Morillorr,
654 1632 783 1703 Bitoniu
797 1652 854 1723 que
876 1629 1033 1706 nondum
1052 1633 1122 1705 huc
1146 1634 1279 1707 rediere
1291 1654 1344 1726 ,ex
1360 1656 1432 1703 mo·

86 1776 87 1782 κ
225 1730 372 1803 nastedo
389 1725 436 1810 S‘!
459 1728 619 1798 Amaodi.
671 1726 769 1803 Deus
789 1723 875 1809 litam
899 1726 948 1798 D.
970 1724 1016 1799 V.
1036 1726 1072 1799 in
1097 1734 1223 1802 multos
1246 1748 1354 1801 annos
1382 1731 1433 1799 in-

229 1827 399 1899 columem
421 1820 613 1898 conservet.
654 1820 828 1895 Bruxeliae
844 1842 878 1905 5.
904 1822 1112 1897 Decembris
1140 1844 1243 1914 1575.
1280 1822 1434 1917 Adjunxi

227 1921 323 1995 bisce
344 1921 503 2013 exempla
523 1918 682 1992 binarum
706 1921 883 1992 literarum
911 1942 943 2011 4.
969 1918 1008 1992 δι
1032 1940 1086 2011 24.
1106 1916 1321 2013 Septembris
1338 1923 1431 1993 data·
1508 1942 1511 1953 ·

228 2040 330 2103 rom,
355 2036 503 2110 quarum
526 2013 607 2084 curn
643 2016 853 2090 mentionem
882 2016 1013 2087 nullam
1044 2014 1135 2088 Rev.
1163 2012 1210 2087 D.
1229 2012 1275 2087 V.
1306 2009 1438 2103 faciat,

228 2134 354 2187 vereor
376 2134 420 2186 ne
436 2108 516 2185 satis
537 2106 689 2182 fideliter
707 2109 811 2183 v'obis
829 2106 977 2181 redditae
996 2106 1137 2183 fuerint.

357 2376 866 2529 epistota
925 2342 1383 2477 ccxxvii..

239 2656 718 2756 eunomium
774 2655 1432 2791 GRANVELLANO.

239 2917 381 3044 Quare
409 2930 547 3016 rarius
577 2920 760 3039 scribor,
797 2925 957 3038 causam
992 2925 1139 3036 adferr.
1197 2925 1437 3019 Periculum
1593 2978 1603 2999 ·

266 3065 322 3135 la
354 3047 532 3158 propriis
564 3035 765 3126 militibus.
828 3039 1007 3151 Quorum
1036 3042 1211 3127 adventu
1245 3039 1440 3128 lactentur

297 3154 442 3272 Belgae.
504 3150 767 3241 Gubernator
793 3152 955 3267 infirmo
982 3152 1222 3243 valetudine.
1279 3151 1371 3265 Ipse
1399 3161 1440 3238 in

244 3300 254 3378 ζ
296 3290 428 3357 morte
458 3262 650 3379 fhlarium
676 3271 807 3381 portia
859 3264 932 3355 De
948 3264 1059 3374 statu
1079 3260 1249 3370 ‚constlrr
1276 3272 1440 3377 privati.

250 3472 254 3480 ,
300 3380 507 3491 Principis
523 3376 779 3481 Auraicensts
805 3405 909 3462 nova
936 3381 1083 3485 conjux
1105 3376 1294 3491 gravida.
1323 3375 1385 3465 D.
1415 3404 1441 3463 a

303 3492 578 3606 Champoigny
615 3488 769 3605 legatus
796 3495 836 3575 in
855 3486 1030 3603 'Anglim

244 3734 564 3913 inostrffme&
586 3738 691 3823 Ram!¹
721 3740 807 3811 Dru.
855 3736 992 3812 Literar
1014 3734 1138 3813 Romae
1162 3736 1209 3811 D.
1235 3736 1282 3811 V.
1307 3759 1368 3812 xv.
1387 3734 1443 3831 Ja-

249 3872 254 3881 ,
308 3840 419 3910 noarii
435 3833 480 3907 ad
497 3852 554 3913 me
569 3832 687 3916 datar,
704 3830 939 3907 bisce-diebos
956 3836 1087 3931 accepi.
1134 3830 1231 3907 Meae
1247 3831 1361 3908 a'utem
1378 3856 1445 3909 cut·
1465 3890 1474 3910 t

245 3935 379 4019 tardius
406 3930 517 4013 isthuc
541 3931 791 4023 pervenerint,
822 3927 901 4001 satis
927 3952 971 4006 ex
998 3931 1066 4003 illis
1091 3932 1259 4005 intellexi.
1309 3926 1441 4024 Neque

247 4022 588 4123 gravarercrebrius
611 4017 695 4107 lue
720 4020 770 4095 D.
795 4022 841 4099 V.
865 4025 951 4112 meis
972 4027 1217 4121 interpellare,
1239 4022 1273 4109 .ss
1301 4028 1443 4111 materia

247 4128 354 4221 pauid
380 4118 592 4222 plausibilior
611 4120 847 4218 praeberetur,
869 4141 984 4216 autea
1000 4144 1081 4217 quae
1100 4122 1160 4197 hic
1180 4120 1357 4207 seruntur,
1381 4144 1442 4219 ge·

247 4241 463 4319 mnturque,
492 4219 659 4299 certiores
684 4214 1075 4387 baberentEsucceffurr
1104 4219 1198 4296 uude
1218 4216 1361 4299 subinde
1382 4242 1443 4289 vo

880 4333 973 4409 eea
1308 4332 1442 4404 remor,
