3967 5167
542 493 988 620 154v1uu11rn
1017 492 1280 586 Arrun
1305 487 1683 588 zurcttnurt
1811 459 1820 470 ’

542 698 638 751 tuam
652 674 791 750 securus
812 670 908 759 sum,
933 669 990 745 sed
1008 669 1141 764 semper
1156 669 1259 742 etiem
1287 665 1489 764 magistrum
1506 685 1541 740 te
1568 669 1655 742 mihi
1671 667 1757 766 p'ru·

547 771 671 868 posui,
695 791 735 844 ut
759 769 854 868 quod
885 790 905 838 a
936 786 970 837 te
996 767 1229 860 probaretur,
1256 763 1294 838 &
1318 764 1356 834 id
1381 759 1452 856 ipse
1482 761 1645 858 amplelii
1670 763 1751 860 pos·

546 867 638 954 sem,
662 869 831 964 quodque
850 863 1068 954 rejiceretur,
1094 859 1182 934 illud
1206 855 1245 932 δι
1273 879 1340 954 ego
1364 861 1544 958 anathema
1574 858 1640 933 else
1664 861 1757 936 mihi

549 963 799 1058 persuaderem.
849 954 1014 1052 Eumque
1030 960 1178 1030 animum
1195 955 1245 1028 ita
1265 951 1368 1030 semel
1386 953 1613 1042 confirmavi,
1631 977 1754 1030 utnon

550 1081 671 1130 verear
694 1079 739 1130 uc
765 1055 842 1153 quis
870 1054 958 1126 mihi
982 1077 1063 1125 curn
1085 1069 1256 1128 excantet.
1308 1049 1537 1124 Consuetudo
1563 1054 1651 1126 milti
1674 1075 1757 1127 cum

374 1152 391 1186 ¹⁸
411 1150 515 1204 Sim
552 1148 780 1250 Dogmatistis
804 1149 919 1230 nulla,
942 1173 987 1224 ne
1003 1171 1084 1221 curn
1106 1149 1168 1221 illo
1188 1146 1330 1242 quidem
1353 1147 1375 1194 ὓ
1398 1171 1420 1218 a
1443 1167 1515 1242 quo
1534 1167 1573 1220 ut
1590 1171 1755 1224 caverem

378 1227 500 1301 (reprom
552 1249 758 1326 nominatim
782 1245 954 1324 monuisti.
1009 1243 1054 1316 ld
1087 1241 1183 1339 quod
1210 1239 1336 1314 faciam
1365 1263 1461 1316 certe
1489 1239 1615 1317 deinde
1643 1243 1691 1316 ub
1714 1244 1754 1317 id

448 1367 453 1373 ·
554 1345 658 1417 etiarn
683 1343 793 1438 magis
818 1338 962 1426 sedulo,
994 1341 1088 1433 quod
1114 1361 1149 1413 te
1177 1359 1259 1430 erga
1283 1337 1383 1410 illurn
1409 1360 1480 1410 non
1506 1339 1678 1413 immerito
1704 1335 1753 1414 fic

553 1441 740 1515 animatum
767 1433 917 1508 videam.
966 1435 1189 1508 Arnrrerchios
1212 1429 1420 1506 domiffimur
1447 1433 1484 1507 δι
1502 1433 1755 1510 candidillimue

540 1539 632 1620 uir,
658 1531 696 1608 δι
718 1534 805 1606 mihi
820 1529 961 1616 studiis,
985 1532 1177 1623 eademque
1203 1527 1409 1624 profefftone
1434 1525 1656 1623 conJ'uublus,
1681 1553 1757 1616 non
1830 1531 1832 1536 ’

557 1629 635 1704 srnit
651 1650 690 1702 ut
706 1652 761 1702 me
775 1626 972 1701 solitudinis
988 1629 1123 1698 interea
1140 1625 1278 1698 trudeat.
1326 1623 1374 1696 Et
1393 1623 1489 1698 domi
1505 1623 1619 1698 habeo
1641 1623 1755 1698 noue·-

558 1733 647 1798 m'um
670 1749 713 1797 ac
732 1721 965 1818 Sigijmuodum
988 1721 1169 1806 Gelonium,
1194 1742 1344 1814 quorum
1362 1715 1591 1793 fantiliaritate
1615 1743 1668 1792 me
1691 1722 1756 1794 ob·

556 1817 721 1893 lellemfi
738 1817 880 1914 quaudo
902 1838 1065 1890 vacarea
1087 1811 1236 1892 leliioue
1258 1814 1366 1894 lubet.
1417 1813 1528 1901 Vale,
1552 1811 1695 1890 ssasuee
1717 1836 1756 1897 x.

557 1915 764 1990 Decembris
788 1934 878 1990 enno
905 1933 1009 2006 1533.

374 2147 503 2208 fixe,
840 2097 1348 2206 EPISTOLA
1405 2097 1458 2192 L.

383 2245 431 2284 nto
446 2227 489 2286 11.

382 2300 522 2375 selme.
644 2294 987 2391 ERASMO
1043 2289 1665 2388 ROTERODAMO.

398 2531 500 2606 1533·
562 2495 717 2595 Bonam
740 2525 907 2620 portem
949 2502 1188 2592 Grecorom
1227 2499 1520 2613 Institutionum
1549 2500 1756 2614 excusum,

621 2617 678 2710 (θ’
705 2625 993 2704 commemoria
1013 2641 1168 2729 quoque
1182 2613 1263 2726 suo
1279 2618 1527 2720 excudendo,
1543 2613 1755 2728 fignificat.

619 2729 693 2818 De
727 2727 928 2838 Ambroste'
992 2725 1194 2839 uibosdom
1224 2725 1470 2836 sermonibus
1507 2748 1645 2812 contro
1672 2727 1766 2824 Ar·⁴

619 2851 778 2946 riortor,
806 2869 853 2927 oo
879 2845 928 2928 tle
947 2753 1141 2952 gyprioor'
1168 2845 1266 2924 vitm
1298 2835 1558 2930 Commendat
1574 2835 1648 2954 se,
1664 2845 1760 2953 jam

575 3040 583 3046 .
621 2964 819 3040 auctorem
835 2950 1059 3063 futorum,
1088 2947 1275 3064 Erosmu

653 3179 698 3254 Bi
720 3179 805 3254 veui
825 3171 990 3250 Busrleum
1009 3223 1021 3260 ,
1053 3176 1186 3264 Erasme
1202 3174 1395 3250 ooctimme
1416 3225 1427 3262 ,
1453 3179 1610 3271 comperi
1633 3177 1763 3254 bonam

676 3297 814 3371 partem
830 3272 1089 3346 institutionum
1108 3273 1316 3346 Graecarum
1334 3271 1514 3345 aFroltenio
1528 3276 1578 3346 ita
1595 3295 1634 3347 ut
1646 3277 1766 3370 cupie-⁴
1881 3325 1883 3334 ι

567 3372 649 3445 bam
664 3367 913 3464 elegantissimis
928 3369 1027 3464 typis
1048 3367 1119 3463 jum
1138 3367 1315 3452 excusam,
1339 3390 1419 3462 quae
1442 3390 1497 3440 res
1521 3371 1606 3442 mihi
1629 3393 1766 3467 magnae
1882 3391 1883 3464 j

569 3469 752 3561 voluptati«
767 3464 843 3538 luit.
891 3462 1014 3558 ltaque
1029 3464 1111 3534 dum
1128 3464 1221 3556 apud
1243 3485 1320 3534 eutn
1337 3464 1410 3534 dies
1427 3463 1561 3557 aliquot
1586 3463 1704 3540 haereu
1725 3487 1765 3541 ut

569 3567 690 3659 operis
711 3553 926 3657 progress'um
943 3557 1120 3644 viderem,
1145 3579 1185 3631 ac
1201 3578 1280 3628 cum
1295 3555 1446 3630 secundo
1462 3561 1649 3654 exemplari
1669 3561 1768 3657 quod
1832 3614 1845 3644 .

570 3679 707 3732 mecum
730 3679 823 3729 nunc
846 3677 889 3728 ex
914 3653 1016 3727 ltalia
1038 3653 1139 3727 attuli
1162 3653 1454 3727 communicatum
1469 3653 1553 3726 mihi
1578 3677 1598 3728 a
1618 3657 1768 3752 Baptista

572 3755 713 3850 Egmem
730 3750 949 3840 conferrem,
971 3745 1065 3821 forte
1086 3751 1246 3843 quaedarn
1262 3769 1337 3820 mea
1359 3749 1607 3824 commentaria
1627 3751 1769 3848 Borefe·

570 3856 618 3923 eiu
642 3850 847 3925 Amerboclrio
869 3839 1007 3920 ostendi
1021 3865 1099 3939 quae
1115 3845 1185 3915 hoc
1200 3863 1292 3916 anno
1315 3843 1453 3918 Patavii
1476 3867 1704 3940 conceperam
1727 3851 1768 3921 in

573 3969 635 4019 eos
664 3946 807 4027 titulos,
831 3961 921 4034 quoe
950 3937 1002 4011 ibi
1025 3935 1171 4033 publice
1198 3941 1354 4034 praelegi.
1378 3939 1524 4015 Placuit·
1540 3939 1766 4026 Amerbacbie,

572 4059 613 4112 ut
634 4039 706 4135 ipsa
720 4041 868 4112 aederern
885 4057 951 4108 nec
971 4038 1118 4108 multum
1135 4031 1262 4114 restiti,
1287 4035 1367 4108 curn
1383 4037 1420 4110 ln
1438 4059 1517 4110 eum
1535 4037 1628 4112 usum
1650 4036 1768 4130 paras-

570 4135 662 4218 sem,
688 4131 726 4205 &
740 4133 907 4206 Frobenr'us
933 4132 1025 4204 hanc
1048 4153 1194 4226 operam
1216 4130 1378 4204 lubenter
1399 4127 1592 4228 susciperet.
1639 4131 1768 4230 Itaque

569 4233 665 4326 apud
684 4251 763 4302 eum
792 4223 904 4301 tantis
922 4251 959 4300 er
986 4225 1194 4299 commorari
1218 4225 1388 4312 decrevi,
1418 4231 1534 4322 quoad
1556 4231 1595 4330 jd
1623 4253 1767 4328 quoque

569 4349 661 4427 opus
681 4322 874 4399 absolutum
933 4321 1020 4410 etit,
1045 4323 1274 4418 adjtrverrque
1295 4322 1332 4396 in
1349 4323 1560 4429 corrigendo
1584 4312 1769 4414 Gelonium,

1650 4421 1773 4520 ..qul
