3967 5167
529 514 608 607 172
638 482 873 589 vrotrr
901 508 970 581 aa
997 478 1264 584 Arrun
1290 476 1660 586 zotcttnttr

524 688 643 765 adhuc
668 689 755 763 citra
778 709 894 764 meum
921 685 996 765 sm
1021 685 1215 770 damnum,
1252 706 1473 783 quapropter
1493 708 1565 764 nott
1588 691 1640 765 est
1661 710 1729 770 cnr

526 810 581 863 me
596 788 708 866 euasti
724 785 784 861 hie
800 787 969 882 temporit
986 784 1179 879 peniteat,
1203 780 1262 857 sed
1277 781 1385 857 futuri
1400 804 1512 859 metue
1527 790 1736 883 compellit,

525 904 566 957 ut
589 885 659 958 aliti
686 878 889 979 respiciam,
913 880 1009 958 acin
1027 874 1194 954 sedatiore
1210 881 1355 974 regione
1368 878 1544 957 fortunam
1560 905 1728 980 quaetam.

528 981 615 1075 Quo
634 1002 690 1053 me
709 998 823 1052 tamen
845 974 1054 1073 potiffimum
1080 978 1147 1049 hac
1162 975 1368 1071 tempestate
1384 997 1610 1068 convertam,
1633 981 1733 1056 bauo

527 1076 608 1150 satir
626 1073 748 1149 video.
798 1069 928 1149 Habeo
947 1075 1040 1147 enirn
1052 1093 1143 1168 quos
1159 1071 1313 1168 fugiam,
1338 1096 1428 1169 quoa
1447 1073 1571 1173 sequar
1584 1096 1657 1150 uon
1670 1078 1734 1151 ha·

527 1175 623 1259 beo,
647 1193 688 1248 ut
711 1172 891 1245 illedixit:
916 1167 1059 1263 quaudo
1076 1168 1115 1241 hi
1134 1164 1257 1241 fatales
1281 1169 1422 1264 quidam
1440 1170 1521 1245 sunt
1538 1176 1732 1260 tumultur,

528 1268 658 1367 quibua
684 1286 759 1343 tota
792 1268 870 1339 hac
896 1261 1014 1339 nostra
1037 1264 1133 1339 orbis
1159 1268 1264 1361 plaga
1286 1269 1497 1342 concutitur.
1556 1270 1726 1344 Attamen

529 1368 589 1441 hic
610 1362 801 1459 perdurare
831 1380 966 1437 certum
983 1360 1034 1434 est
1047 1358 1164 1455 quoad
1186 1384 1251 1455 per
1266 1361 1405 1437 hostiies
1422 1366 1573 1459 impetur
1595 1366 1730 1440 licebit.

530 1461 703 1537 Ostendet
728 1476 841 1533 autern
871 1454 971 1535 Deua
1002 1452 1146 1530 forsitan
1179 1458 1329 1551 aliquem
1356 1454 1491 1546 finem,
1523 1481 1586 1534 aut
1613 1464 1731 1557 aliqua

530 1557 691 1651 obtinget
708 1556 830 1628 melior
852 1552 1032 1639 conditio,
1057 1552 1223 1649 adquam
1244 1571 1325 1625 tuus
1341 1554 1427 1626 mihi
1446 1552 1549 1631 favor
1561 1578 1633 1630 non
1651 1558 1735 1631 lere

531 1655 631 1731 isthic
652 1648 854 1745 suffragium
872 1646 965 1723 ferre
988 1648 1113 1745 potest.
1163 1648 1406 1742 Quamobrem
1436 1668 1530 1723 tuam
1553 1650 1730 1747 Amplitu-

531 1751 649 1827 diuem
673 1746 775 1821 edam
800 1764 905 1841 atque
929 1744 1035 1819 etiarn
1065 1764 1179 1840 rogo,
1211 1764 1252 1817 ut
1282 1744 1392 1819 nostri
1422 1767 1487 1839 per
1516 1746 1736 1822 οοαίῑοιιοω

530 1844 738 1921 meminerit.
796 1838 892 1915 Bene
916 1844 1006 1916 vale.
1045 1837 1106 1915 Ex
1128 1835 1319 1917 Dulmauia
1347 1866 1384 1918 v.
1408 1838 1617 1919 Decembris
1639 1865 1737 1920 auno

536 1961 672 2052 1⁵34·.

355 2184 480 2251 m..
721 2155 1231 2295 palaseo-LA
1285 2156 1523 2257 cv111.

355 2284 405 2328 mo
424 2262 467 2326 ΙΙ.

355 2343 500 2485 Ἣ·
543 2364 962 2485 ‚ouacmco
1020 2364 1702 2482 LANGEMANTEL(1)

371 2596 479 2673 15³4.
534 2580 619 2675 Ele
644 2576 800 2671 antibus
826 2576 961 2667 verbis
988 2582 1143 2694 expetit
1176 2575 1311 2669 Ulrr’oi
1336 2582 1552 2669 amicitam.
1609 2575 1737 2668 Hanc

551 2768 554 2773 .
611 2702 796 2812 opienter
812 2693 1001 2808 depingit.
1062 2690 1203 2785 Cicero
1223 2717 1302 2807 quo
1321 2694 1433 2779 modo
1448 2694 1680 2781 imitandus.

539 2904 782 3072 EQuidem,
806 2900 1011 2977 ornatiss'uue
1023 2900 1151 2990 wore,
1175 2901 1361 3013 candorem
1376 2920 1566 3011 tuumnon
1583 2904 1736 3013 ignoro,

632 3002 694 3089 δι,
719 3020 790 3096 qua
813 3021 896 3110 erga
918 3020 973 3073 me
994 2994 1129 3109 semper
1145 2994 1253 3072 suetrr
1269 2996 1535 3082 benevolentta,
1567 2996 1645 3071 sans
1665 3020 1740 3071 me·

539 3098 644 3185 mini,
661 3095 892 3195 quaemihteo
905 3091 974 3169 fuit
989 3112 1144 3191 granor,
1161 3116 1236 3191 quo
1253 3114 1290 3170 te
1306 3096 1344 3167 iu
1361 3091 1629 3171 familiaritatem
1646 3116 1740 3205 pan·

567 3254 570 3273 .
1622 3212 1739 3265 crorea

586 3368 651 3456 (1)
678 3366 818 3436 Udolrr'co
840 3363 1079 3452 Iangeomnui]
1109 3366 1144 3431 Is
1174 3360 1341 3450 patricius
1365 3360 1422 3429 Au
1470 3360 1600 3439 simus,
1616 3362 1746 3430 sodalis

548 3446 644 3537 ngir'
662 3452 728 3519 fuit
742 3452 776 3517 in
796 3450 948 3520 Patauio.
990 3451 1062 3519 Hic
1078 3450 1208 3517 dicitur
1227 3448 1371 3514 Saevus.
1447 3464 1505 3510 um
1531 3447 1603 3530 ejus
1630 3444 1740 3513 fratre

545 3534 703 3606 Leottordo
722 3532 788 3600 suit
802 3534 852 3601 illi
876 3536 978 3621 ionga
1005 3530 1220 3600 consuetudo
1238 3530 1274 3593 in
1298 3527 1412 3595 Gallia
1436 3523 1496 3597 sub
1519 3542 1746 3625 preceptore

545 3618 684 3699 Atriam,
706 3616 941 3701 amicitiaque,
956 3616 1133 3686 communi
1146 3612 1335 3681 studiorum
1350 3611 1548 3689 occasroue,
1568 3610 1745 3679 arfflfflrna

546 3700 718 3779 interaeos
741 3700 944 3779 interceiiit,
973 3702 1032 3783 qni
1055 3697 1098 3765 ad
1123 3696 1238 3763 sorum
1259 3694 1298 3763 δι
1429 3696 1436 3708 “
1485 3694 1682 3773 transsatus,
1703 3698 1744 3761 iu

435 3826 439 3835 ·
547 3786 658 3855 Ducis
689 3784 841 3852 Bavariae
872 3782 1050 3851 confilium
1072 3778 1221 3849 adscitur
1244 3776 1322 3845 soit.
1390 3798 1449 3846 arn.
1468 3796 1501 3847 n.
1516 3796 1551 3863 p.
1570 3795 1648 3863 ²04·
1665 3776 1746 3846 vso.
1891 3836 1893 3846 .

491 3875 496 3883 “
548 3866 630 3937 Nec
654 3867 791 3936 urnam
809 3867 952 3933 miaor'n
969 3864 1070 3940 secie,
1093 3880 1197 3947 quern
1220 3859 1265 3929 ari
1285 3858 1451 3927 Hmrietm
1468 3862 1586 3938 illurn,
1604 3862 1740 3943 dequo

550 3950 630 4029 hic,
649 3950 817 4027 scribent,
837 3950 890 4016 his
909 3950 1027 4017 verbio
1052 3946 1191 4015 saluta:
1210 3940 1324 4027 Noster
1345 3942 1487 4012 Ultimus
1506 3944 1747 4028 Langenmnrel·

550 4036 617 4110 has,
638 4040 670 4119 ip
681 4034 793 4118 tffirm
807 4031 1090 4109 mniciamndtr,
1108 4030 1184 4116 qaid
1201 4035 1285 4112 ogit,
1303 4025 1379 4111 quta
1392 4028 1501 4106 valen
1519 4048 1561 4093 on
1578 4024 1670 4113 potest
1683 4033 1749 4092 mei
1781 4087 1784 4095 ι

550 4114 648 4184 oblini
662 4122 707 4181 ci?
726 4116 811 4184 lbio.
832 4134 868 4201 p.
888 4134 908 4183 n
933 4131 964 4199 3.
985 4116 1059 4201 Qui
1072 4114 1135 4182 hos
1152 4112 1277 4180 fratrea
1296 4112 1440 4196 propius
1459 4110 1748 4186 nossevoiet,vi·

551 4198 634 4279 deut
654 4198 868 4267 Corbivriamtm
934 4220 997 4266 om
1011 4207 1044 4263 in
1055 4197 1218 4264 Isierartb.
1237 4192 1364 4279 August.
1376 4210 1464 4280 porr.
1486 4213 1515 4263 r.
1535 4212 1568 4283 p.
1587 4209 1663 4281 334
1682 4195 1751 4262 vi-

551 4284 598 4353 rle
617 4298 754 4367 qnoque
771 4284 816 4350 de
832 4283 982 4367 quodam
1011 4279 1115 4349 vaco
1140 4277 1404 4363 Lorrgmmnrelt'o,
1424 4276 1525 4363 hujus
1552 4292 1653 4363 patre
1685 4294 1750 4345 aut

550 4380 695 4456 patruo,
716 4364 876 4435 &raom
888 4386 951 4439 rer.
971 4364 1082 4439 Gena-
1101 4376 1174 4432 rom.
1194 4377 1227 4444 3.
1241 4378 1281 4449 p.
1293 4364 1369 4432 218.
1379 4365 1414 4428 ἐν)
1427 4366 1489 4431 not.
1502 4360 1642 4433 editam
1652 4376 1751 4449 1717.
