3967 5167
98 574 144 633 ‚p
303 520 496 635 norst.
534 514 841 617 smncmu
870 538 938 607 ns
967 514 1301 617 urvunsos.
1361 548 1443 643 357

97 746 105 759 ι
245 700 345 772 dium
362 694 522 793 sumpfit,
544 693 738 779 luculentas
755 688 857 765 testes
867 741 879 777 ,
903 709 1003 767 tauto
1021 714 1177 789 ternpore
1194 694 1283 767 nihil
1300 692 1445 787 respon·
1522 784 1524 788 .

172 858 176 867 .
244 792 379 881 (ierim,
394 792 506 867 necin
520 791 585 863 isto
603 790 765 862 amicitiae
783 786 898 859 officio
913 786 1013 883 paria
1028 809 1141 861 tecum
1157 788 1321 878 fecerim,
1345 788 1442 867 haud

242 890 396 963 arbitror
423 873 519 961 nunc
542 885 719 979 explicatu
741 908 831 979 opus
854 882 931 958 elle.
961 883 1036 973 (a)
1069 884 1292 960 Accesseruut
1325 883 1441 957 autent

245 986 377 1061 deinde
394 984 530 1081 publici
548 980 650 1075 hujus
668 980 821 1057 muneris
840 983 1091 1075 occupationes
1114 981 1333 1077 graviffimae,
1358 1002 1439 1075 quae
1550 998 1554 1005 ’

241 1106 301 1155 me
320 1078 384 1154 fibi
403 1101 518 1153 totum
533 1077 721 1151 vindicant.
771 1074 1020 1151 Venimtamen
1045 1074 1125 1151 ciun
1142 1099 1256 1171 nuper
1269 1079 1439 1156 litterario

239 1199 389 1251 munere
413 1198 468 1247 me
492 1176 759 1269 provocaveris,
784 1172 822 1247 &
846 1170 1044 1269 epistolium
1069 1173 1178 1261 unia
1200 1197 1256 1246 me
1280 1192 1441 1267 tantope-

111 1268 113 1275 ‘
240 1298 284 1346 re
306 1274 484 1367 exegeris,
508 1273 595 1344 citra
617 1271 789 1363 quandam
817 1268 1073 1365 ingratitudinis
1091 1292 1232 1356 notam,
1257 1267 1443 1343 rescriben·
1493 1295 1499 1301 ·

243 1372 286 1445 di
308 1368 459 1443 officium
476 1368 616 1463 longius
632 1362 773 1439 differre
802 1386 872 1439 non
890 1367 1002 1463 potui,
1054 1363 1205 1444 Gavisus
1226 1385 1341 1437 autern
1363 1364 1441 1437 sum

241 1467 427 1560 inprimis,
452 1484 488 1537 te
511 1484 647 1537 mutatu
671 1458 865 1555 refluoque
889 1464 971 1534 loco
995 1460 1068 1552 (3)
1094 1465 1155 1557 qui
1173 1461 1221 1535 ob
1247 1459 1445 1557 Religionis

243 1556 503 1639 controversas
521 1556 645 1631 nostris
670 1558 871 1633 hominibus
894 1553 1087 1653 suspedlum
1106 1579 1140 1631 te
1167 1557 1341 1643 reddidit,
1366 1556 1442 1631 seli·

244 1659 377 1733 ciorem
394 1650 612 1747 meliorisque
637 1654 787 1728 nominis
811 1650 982 1727 musarum
1003 1673 1139 1726 tuarum
1162 1653 1274 1729 sedem
1290 1654 1355 1727 tibi
1381 1655 1441 1727 de·

243 1751 375 1847 legisse.
401 1748 481 1825 Nec
498 1748 622 1821 dubito
643 1752 729 1919 puin
747 1772 826 1821 cum
842 1771 1024 1843 tempore,
1048 1748 1140 1825 liibi
1158 1746 1335 1847 persistas,
1346 1750 1444 1823 haud

98 1896 99 1901 =
244 1851 381 1925 moon
396 1865 628 1947 percepturus
656 1870 687 1919 rs
710 1848 963 1937 emolumenta,
989 1843 1094 1941 quim
1119 1844 1145 1919 st
1168 1844 1214 1923 ad
1233 1846 1295 1921 has
1312 1846 1446 2019 polipus

1369 1966 1473 2023 ot·.

251 2148 392 2213 „metu
413 2136 657 2225 inquisitionis,
686 2134 731 2205 ob
751 2154 923 2205 uovorum
944 2133 990 2205 do
1015 2149 1171 2213 matum,
1190 2153 1267 2221 quae
1286 2147 1371 2203 tunc
1391 2136 1446 2205 itt·

254 2220 470 2297 „valescere
492 2236 697 2307 coeperant,
718 2222 962 2305 suspicionem,
991 2157 1131 2316 §ederit
1152 2221 1195 2286 ad
1215 2220 1447 2305 Argentinen·

252 2345 279 2379 „
297 2305 366 2383 ses,
389 2298 446 2373 ribi
470 2309 606 2393 azylum
627 2305 782 2371 haeretici
808 2304 998 2389 habebant:
1019 2304 1167 2385 indeque
1184 2302 1368 2370 Coloniam
1384 2322 1448 2368 ve-

251 2429 278 2464 „
296 2389 363 2464 nit,
387 2390 613 2473 persuadens,
634 2388 727 2471 quod
747 2387 921 2474 religionis
944 2386 1046 2455 causa
1062 2386 1334 2471 Argentoratum
1349 2386 1448 2453 dese·
1518 2436 1523 2445 .

252 2507 278 2545 ‚,
297 2470 428 2549 ruisset,
447 2476 507 2541 ubi
525 2475 562 2539 in
579 2470 815 2557 philosophica
830 2470 1206 2556 prosefflone‘Graecatn
1219 2470 1447 2553 Latinonque

253 2593 281 2711 1:
298 2554 1040 2734 isiiliissiillniitsiisisisi
1055 2550 1227 2719 iusti?
1244 2554 1448 2721 silisis

257 2721 331 2803 eius
353 2739 466 2789 mores
488 2739 530 2789 ac
550 2723 723 2807 ingenium
745 2739 789 2789 er
815 2708 901 2787 ressl't
919 2720 1017 2787 Andr.
1037 2718 1177 2785 Stlurt'us
1197 2726 1229 2785 in
1240 2720 1349 2806 fascic,
1367 2742 1382 2785 e
1402 2729 1448 2793 i„

250 2821 329 2889 pag.
351 2808 425 2887 gua
445 2804 611 2880 „Doslor
637 2803 746 2889 Julius
804 2804 916 2887 alfius,
941 2818 980 2871 ut
1002 2818 1116 2899 narrat
1136 2801 1182 2873 G.
1200 2802 1366 2871 Brandtiut
1419 2808 1448 2870 i·

253 2925 281 2963 „
298 2886 410 2953 storiae
430 2888 498 2955 suae
521 2888 579 2954 lib.
605 2906 655 2955 12.
676 2887 718 2954 ad
752 2905 805 2954 an.
830 2890 920 2973 1578.
952 2904 1145 2971 praectpuas
1173 2887 1333 2971 quasdam
1359 2888 1448 2954 Hol-

255 3012 281 3044 ,‚
298 2971 423 3038 lundiae
444 2974 547 3039 urbes
567 2972 809 3038 concionando
831 2984 1057 3055 pervagatus,
1077 2972 1175 3037 velut
1194 2989 1213 3037 a
1234 2970 1313 3040 Deo
1334 2972 1448 3039 missus

255 3054 341 3131 „ad
366 3054 622 3121 reformandum
652 3055 771 3121 orbem
795 3069 988 3134 terrarum,
1003 3056 1107 3121 etiam
1132 3054 1305 3141 prodigia,
1325 3057 1455 3140 quibusv

253 3178 280 3211 ‚‚
297 3139 353 3204 sua
366 3138 526 3224 dogmata
543 3139 722 3214 stabiliret,
742 3138 987 3224 pollicebatur:
1006 3156 1191 3221 quumquae
1202 3158 1299 3206 caeco
1311 3140 1448 3214 lumen,

231 3232 282 3310 ἰ,
298 3222 422 3289 claudo
450 3221 597 3309 gressum
623 3222 767 3293 reddere
791 3221 915 3289 frustra
939 3222 1111 3297 tentasset,
1134 3224 1250 3303 negati
1279 3220 1447 3290 successus

248 3306 433 3425 ‚causam
457 3312 493 3372 in
520 3306 669 3390 ipsorum
690 3307 810 3373 retulit
831 3304 1122 3372 incredulitatem.
1162 3302 1328 3371 Procercs
1346 3306 1446 3371 Bata·

254 3426 283 3463 ,‚
298 3390 588 3475 vulugdunenles,
608 3391 667 3471 qui
687 3408 767 3459 eunt
788 3390 872 3454 urbe
897 3402 1107 3471 exegerant,
1126 3384 1264 3452 Satanas
1286 3387 1445 3467 tradidit,

256 3474 406 3549 „literis
423 3473 542 3543 adens
567 3473 678 3551 duris,
699 3490 781 3555 quas
807 3472 842 3535 in
861 3470 955 3535 hunc
977 3468 1167 3554 subscripsit
1186 3470 1342 3537 modum:
1361 3470 1448 3555 Jvsir'

255 3592 285 3632 ,‚
300 3562 450 3623 vivorum
472 3558 508 3626 Θ
526 3570 713 3625 mortuorum
734 3553 844 3637 judicis
868 3552 946 3641 Jesu
975 3551 1086 3638 Chosis
1098 3599 1114 3631 ,
1130 3558 1178 3617 tut·
1201 3552 1275 3619 doto
1296 3554 1336 3638 ess
1355 3564 1449 3623 omaus

115 3662 117 3666 ·
259 3678 286 3719 υ
297 3636 426 3724 potestur
451 3645 484 3705 ln
506 3640 574 3705 calo
598 3638 636 3709 tr
649 3646 682 3705 t'n
700 3654 800 3719 terro,
821 3635 1087 3725 vomtvsservvt,
1106 3634 1218 3721 Julius
1240 3636 1358 3724 thstur
1376 3637 1449 3706 Hc·

255 3734 282 3797 3,
297 3722 433 3806 guttur.'’

299 3806 363 3889 (2)
384 3804 485 3871 Haud
509 3806 641 3876 arbitror
668 3828 744 3875 nunt
773 3808 927 3895 explicatu
954 3824 1027 3895 opus
1053 3803 1147 3958 effic}
1177 3806 1271 3875 Nem
1348 3804 1451 3875 'sensit

180 3942 183 3955 .
260 3886 405 3973 Velssus,
427 3908 496 3973 quo
517 3892 597 3957 loco
618 3892 662 3959 ob
684 3892 821 3961 dubiatn
842 3889 1056 3977 religionisli
1103 3908 1165 3967 m,
1195 3909 1263 3974 apu
1311 3888 1447 3975 ngium

257 3972 360 4051 esset,
380 3974 437 4058 qui
461 3974 647 4041 fanaticum
668 3974 841 4043 hominem
859 3990 1014 4043 noverat.
1037 3974 1082 4041 V.
1102 3972 1164 4040 ins.
1183 3973 1286 4058 Epist.
1308 3973 1449 4054 CLXV.

257 4057 300 4123 ad
319 4056 476 4141 Horflt'um
496 4058 611 4125 darant
639 4062 689 4127 16.
720 4060 809 4146 Jau..
827 4058 923 4142 155⁶?
960 4058 1005 4125 Et
1022 4057 1130 4153 'auam
1156 4056 1257 4205 ipsius
1288 4056 1380 4141 Velfit‘
1401 4062 1445 4127 ad

262 4140 397 4225 Viglr'um
429 4158 457 4209 1.
487 4141 589 4224 April
618 4146 713 4224 1566.
751 4142 807 4211 De
834 4146 906 4227 ejus
926 4139 1103 4209 sanatismo
1125 4158 1163 4207 re
1179 4156 1233 4211 ert
1251 4142 1378 4209 Borrius
1395 4145 1452 4211 lib.
1484 4187 1487 4211 ι

261 4240 312 4307 13.
324 4224 387 4311 fol.
409 4230 460 4294 81.
480 4231 547 4309 vso.
570 4224 605 4294 id
626 4224 711 4313 seqq.
732 4242 814 4295 nem
838 4245 858 4293 e
877 4226 999 4311 primae
1019 4224 1180 4292 editionis
1198 4244 1265 4311 qua
1283 4244 1376 4300 utor.

299 4309 367 4392 (3)
386 4310 510 4376 Murato
524 4309 682 4395 relictoque
700 4310 781 4465 locol]
800 4325 1030 4467 ffiffltomo
1041 4310 1376 4392 relicimcolouiaru
1383 4306 1451 4376 mi·

772 4446 784 4466 .,
874 4414 901 4461 r.

255 4405 397 4481 grarat,
417 4410 455 4465 ut
472 4393 621 4467 vidimus
639 4411 685 4471 ex
706 4395 757 4471 Va
835 4480 904 4580 Yy
930 4502 956 4577 ἃ
