3967 5167
309 531 528 644 ‘auram
558 535 866 646 seuuemo
902 569 968 638 n>
1009 541 1433 657 diversoum
1477 689 1484 696 ¹

249 750 305 807 reu
327 749 396 802 non
416 723 509 810 red'le
529 728 723 826 percipio,
758 726 821 802 nis
844 727 934 802 illud
955 727 1095 804 fortasse
1118 727 1192 814 via,
1217 724 1315 826 quod
1341 730 1436 825 apud

239 828 416 900 ciceronem
446 828 623 919 promittit
653 825 789 899 Orator
817 821 975 919 Croffm,
1007 823 1146 898 scilicee
1174 847 1214 900 ut
1243 827 1436 919 generatim

238 919 300 1015 Jus
324 920 442 994 Ciuile
467 921 767 1006 describatur,·&
787 921 822 992 in
841 921 1015 1016 quandam
1031 922 1114 994 artis
1131 918 1280 1015 speciem
1300 920 1436 1016 digera-

109 1039 112 1043 ’
236 1035 305 1090 tur.
355 1013 441 1090 Hoc
465 1021 555 1092 enim
575 1015 761 1114 plerosque
786 1017 894 1090 video
924 1016 1078 1108 objicere
1099 1013 1347 1111 professoribus
1373 1039 1436 1090 no-

237 1110 332 1196 stris,
356 1137 430 1208 quo
454 1115 560 1185 nimia
580 1118 682 1210 hujus
710 1111 903 1208 disciplina
924 1111 1113 1186 difficultas
1133 1115 1190 1186 vel
1212 1113 1356 1184 tollatur
1374 1114 1432 1184 ves

231 1207 329 1281 certe
348 1211 533 1285 minuatur.
585 1209 718 1285 Verium
735 1206 815 1282 etim
831 1229 869 1282 tu
889 1206 1010 1302 possea
1035 1207 1071 1280 in
1090 1205 1171 1300 Jure
1187 1207 1306 1282 nostro
1328 1211 1435 1302 aequi-

232 1323 344 1376 tatem
371 1301 575 1392 defideras,
601 1306 696 1378 aliud
716 1300 883 1400 quiddam
910 1304 998 1376 mihi
1021 1303 1113 1377 velle
1140 1303 1299 1391 videris,
1330 1303 1435 1397 quim

91 1456 93 1495 Ξ
231 1403 331 1493 quod
353 1399 464 1476 modd
483 1425 528 1474 ex
547 1401 684 1474 Cicerone
703 1399 820 1474 citavi.
856 1397 1005 1493 Equites
1026 1401 1118 1474 enim
1130 1451 1142 1487 ,
1167 1395 1228 1475 etsi
1247 1402 1322 1490 Juri
1352 1395 1435 1471 scri·

91 1498 93 1521 ⁵
227 1514 299 1589 pto
313 1494 418 1570 inesse
434 1495 559 1585 debet,
582 1518 699 1571 tamen
717 1495 898 1591 numquid
915 1499 1104 1590 generatim
1114 1495 1328 1590 disponitur,
1344 1497 1435 1570 acci·

231 1591 286 1664 dit
317 1589 577 1686 saepenumero,
602 1611 643 1666 ut
666 1593 772 1666 nimia
790 1589 1046 1665 constitutionis
1068 1591 1310 1666 constristione
1327 1591 1436 1688 aequi·
1483 1659 1487 1668 .

230 1704 283 1758 tas
300 1690 508 1774 collidatur,
534 1711 615 1784 quae
634 1685 776 1783 quidem
799 1711 891 1783 vaga
915 1689 992 1760 vult
1016 1685 1082 1762 effe
1108 1686 1145 1760 δι
1166 1687 1297 1774 libera,
1322 1709 1364 1760 ac
1388 1683 1434 1760 ad

227 1777 414 1896 cujussibet
440 1782 565 1897 speciei
583 1789 768 1858 veritatem
794 1785 1033 1859 accommoda.
1085 1784 1168 1879 Qua
1196 1803 1316 1894 ropter
1332 1779 1435 1856 fuere

229 1880 815 2083 iil⁰d¹¹s¹2¹ep³t¹ifiisc¹55iassssffi
833 1878 1076 2050 siis‘ssffi
1102 1903 1167 2048 ”ia
1187 1876 1432 2070 allidi.

233 2069 385 2147 riculosa
403 2069 664 2168 pernicioseque
680 2069 902 2170 Reipublicae
919 2072 1079 2159 uidetur,
1104 2070 1130 2146 si
1154 2074 1234 2169 quis
1257 2067 1349 2148 teile
1373 2094 1433 2143 ex·

1342 2191 1430 2264 pen·

90 2324 93 2411 ἶ
228 2358 255 2400 „
273 2337 379 2390 nemo
397 2324 510 2394 causis
530 2326 641 2394 dubiis
664 2326 883 2394 dissolvendis
903 2325 1024 2394 instrui
1047 2324 1198 2412 poterit,
1219 2321 1302 2390 clun
1330 2321 1430 2406 plura

226 2444 254 2483 „
271 2406 337 2474 smt
353 2411 509 2493 negotia,
530 2425 571 2475 nt
588 2410 676 2479 dicit
699 2411 984 2496 Jurisconsultus,
1007 2411 1110 2492 quim
1123 2405 1304 2474 vocabula.
1325 2403 1431 2472 Adur

91 2490 93 2535 ³
226 2526 253 2564 „
269 2489 457 2557 hominum
477 2506 547 2557 tam
567 2492 785 2572 numerosos,
804 2493 1024 2568 infflsummam
1040 2489 1334 2574 compendiariam
1346 2507 1432 2553 con-

91 2614 93 2647 ι
227 2612 254 2646 2,
272 2573 420 2640 cludere
435 2575 551 2652 velle,
571 2576 657 2640 nihil
674 2576 766 2641 aliud
785 2576 887 2658 quim
910 2594 1007 2641 mare
1030 2575 1066 2639 in
1087 2573 1262 2639 lacunulas
1287 2589 1430 2638 coerce·

90 2658 93 2735 Ϊ
224 2694 253 2729 2,
271 2674 324 2724 re.
366 2656 423 2722 An
439 2657 552 2724 credis
567 2657 666 2724 nobis
685 2657 823 2726 difficile
850 2658 914 2726 esl'e
938 2657 1168 2730 Methodum,
1188 2655 1261 2729 vel,
1286 2667 1325 2720 ut
1347 2673 1426 2720 meo

91 2760 93 2773 ’
224 2776 254 2814 „
269 2757 373 2807 more
390 2740 533 2823 loquar,
555 2739 720 2807 summam
739 2742 831 2826 Juris
850 2741 1011 2808 tradere?
1032 2741 1123 2824 Quae
1143 2737 1221 2804 sane
1241 2733 1424 2804 difficultas

224 2859 252 2898 „
269 2821 342 2901 est,
363 2823 486 2908 partiri
514 2824 720 2908 Jus·{civrle
745 2826 782 2890 in
807 2825 1009 2910 Judicialia,
1035 2825 1073 2888 in
1097 2821 1362 2916 conventiones
1386 2821 1425 2890 dc

91 2962 92 2995 ἦ
221 2943 249 2981 n
267 2906 498 2983 Contractus,
518 2909 555 2974 in
576 2907 829 2986 Successiones,
848 2910 885 2974 in
909 2908 1068 2983 Dotalia,
1087 2908 1124 2972 in
1146 2921 1245 2974 extra
1266 2905 1425 2972 ordinem

91 3050 92 3063 ι
220 3027 248 3062 ι,
264 2989 428 3056 laesorum
442 2991 614 3070 remedia,
634 2992 670 3057 in
683 3011 738 3059 res
753 2994 937 3069 tutelares,
950 2993 985 3058 in
999 2989 1171 3076 poenalia?
1185 2987 1277 3073 Quae
1292 2985 1422 3072 septem

91 3080 92 3083 ’
220 3109 247 3147 ,‚
264 3074 403 3158 genera‘
410 3075 493 3156 quid
508 3077 670 3160 prohibet
681 3075 717 3141 in
731 3073 1104 3159 membra'suppartiri?
1124 3071 1193 3139 Sed
1210 3088 1255 3164 en
1271 3071 1321 3138 eis
1333 3091 1423 3156 prae·

219 3193 247 3227 η
264 3170 324 3224 ter
344 3158 510 3225 noticiam
537 3160 719 3242 quamdam
735 3159 976 3233 umbratilem,
998 3156 1080 3240 quid
1108 3155 1264 3221 utilitatis
1301 3155 1422 3220 conse·

219 3273 247 3310 υ
264 3241 404 3323 queris?
424 3242 577 3308 scientia
600 3243 860 3327 particularium
884 3241 991 3308 estin
1012 3238 1128 3306 nostro
1156 3236 1421 3384 maximaJure,
1477 3299 1484 3310 ,

215 3355 245 3396 2,
261 3324 468 3408 vulgaribus
480 3339 615 3399 tamen,
637 3326 755 3393 saltem
774 3327 984 3420 generatim,
1013 3319 1174 3405 cognitis.
1212 3319 1309 3384 Tua
1335 3319 1420 3386 oles-

217 3437 246 3478 „
264 3423 372 3484 cens,
400 3407 424 3474 fi
450 3408 562 3491 sapis,
590 3409 682 3495 luris
705 3409 829 3477 Civilis
849 3406 958 3474 studia
983 3422 1028 3501 eo
1054 3403 1174 3470 ordine
1195 3397 1420 3499 prosequere,

217 3521 247 3561 n
264 3508 340 3638 pun
357 3489 482 3556 tradita
498 3491 585 3559 sunt.
627 3493 684 3561 De
698 3490 954 3560 commentariis
971 3488 1138 3553 labrorum
1159 3485 1228 3581 eslp
1245 3501 1288 3552 an
1309 3503 1343 3550 m
1371 3505 1421 3555 ers
1531 3531 1534 3539 ·

215 3607 246 3642 ‚‚
282 3571 435 3655 atigeris.
473 3574 624 3660 Negotia
652 3574 828 3642 tradanda
853 3588 888 3641 te
924 3569 1131 3646 docebunt,
1161 3568 1243 3652 quid
1265 3565 1418 3651 sequare.
1523 3608 1528 3621 ‹

217 3689 247 3730 υ
264 3653 421 3722 Nervam
437 3654 543 3722 silium
561 3658 673 3740 primi
691 3654 922 3726 adolescentia
941 3656 985 3722 de
1002 3655 1080 3738 jure
1104 3649 1325 3738 respondisse,
1347 3671 1419 3717 non

219 3770 247 3810 n
267 3735 431 3821 estquod
450 3740 623 3808 miremur.
657 3741 755 3807 xNam
774 3743 810 3811 de
826 3741 968 3806 Romulus
982 3737 1018 3802 in
1039 3736 1164 3804 XVlll.
1189 3755 1280 3802 anno
1297 3733 1419 3800 doctor

221 3855 249 3894 υ
268 3821 492 3906 famigeratds
506 3820 614 3886 sadus
628 3823 690 3899 esi,
712 3822 747 3892 δι
769 3839 804 3890 te
819 3841 955 3907 quoque
971 3819 1113 3886 Fithorde
1128 3821 1221 3884 intra
1242 3818 1417 3889 biennium

221 3936 250 3975 υ
268 3905 447 3973 dodiorem
465 3904 619 3969 futurum
643 3905 836 3989 speramus,
857 3905 939 3970 dum
964 3923 1036 3970 non
1063 3901 1287 3988 praefestines.
1327 3902 1418 3969 Prae·

222 4021 251 4058 v
270 3990 372 4056 cocia
396 4005 467 4053 non
492 3988 640 4064 durant,
664 3990 805 4054 maturis
830 3987 1030 4055 haerendum
1050 3985 1110 4052 est.
1151 3985 1229 4052 Neu
1258 3988 1321 4054 tibi
1339 4005 1416 4072 per·

219 4071 537 4147 „rodomacum
559 4073 653 4153 quod
666 4072 750 4156 Jura
772 4089 842 4137 non
858 4071 1005 4137 habeant
1021 4068 1229 4151 principium
1242 4071 1278 4140 de
1299 4071 1413 4138 linem.

222 4185 253 4226 n
269 4155 412 4222 Habent
425 4155 606 4238 equidem,
626 4170 667 4220 ut
688 4155 829 4223 testatur
851 4153 1044 4238 Imperator
1051 4175 1063 4232 3
1086 4151 1154 4218 Sed
1171 4169 1247 4234 quae
1266 4153 1416 4240 latepa·

222 4269 255 4308 n
272 4253 368 4318 tent,
391 4259 462 4304 non
495 4253 609 4306 tamen
639 4237 718 4306 sunt
744 4237 887 4305 infinita.
929 4237 969 4303 ln
1002 4235 1129 4300 summa
1158 4237 1229 4304 noli
1257 4239 1414 4310 laborare

92 4381 94 4390 .
223 4354 255 4393 n
272 4322 363 4388 circa
381 4323 605 4398 Methodum,
628 4321 889 4408 Quinquaginta
916 4321 994 4388 libri
1009 4319 1254 4414 pandectarum
1274 4321 1415 4394 intubi

92 4411 99 4492 ,’
220 4431 254 4484 ὐ
269 4404 455 4477 Methodus
467 4405 502 4477 dt
518 4405 621 4474 lectio
634 4406 815 4477 ordinaria.
837 4403 937 4472 Vale.
979 4403 1031 4471 Ex
1045 4401 1171 4472 edibus
1193 4407 1287 4476 meis.
1304 4415 1331 4485 ’ξ

769 4489 919 4563 'La
