<?xml version="1.0" encoding="UTF-8"?>
<!DOCTYPE html PUBLIC "-//W3C//DTD XHTML 1.0 Transitional//EN"
    "http://www.w3.org/TR/xhtml1/DTD/xhtml1-transitional.dtd">
<html xmlns="http://www.w3.org/1999/xhtml" xml:lang="en" lang="en">
 <head>
  <title>
</title>
<meta http-equiv="Content-Type" content="text/html;charset=utf-8" />
  <meta name='ocr-system' content='tesseract 3.04.00' />
  <meta name='ocr-capabilities' content='ocr_page ocr_carea ocr_par ocr_line ocrx_word'/>
</head>
<body>
  <div class='ocr_page' id='page_1' title='image "./vitavigliiabayt04papegoog_0376.png"; bbox 0 0 3967 5167; ppageno 0'>
   <div class='ocr_carea' id='block_1_1' title="bbox 97 433 1461 1043">
    <p class='ocr_par' dir='ltr' id='par_1_1' title="bbox 97 433 1461 1043">
     <span class='ocr_line' id='line_1_1' title="bbox 101 433 1461 661; baseline 0.009 -53.965"><span class='ocrx_word' id='word_1_1' title='bbox 101 433 106 442; x_wconf 58' lang='grc'>’</span> <span class='ocrx_word' id='word_1_2' title='bbox 199 632 220 661; x_wconf 72' lang='lat'><strong>„</strong></span> <span class='ocrx_word' id='word_1_3' title='bbox 369 500 563 613; x_wconf 75' lang='lat' dir='ltr'>torst.</span> <span class='ocrx_word' id='word_1_4' title='bbox 590 498 898 611; x_wconf 76' lang='lat' dir='ltr'>aruncum</span> <span class='ocrx_word' id='word_1_5' title='bbox 924 538 992 608; x_wconf 71' lang='lat' dir='ltr'>nn</span> <span class='ocrx_word' id='word_1_6' title='bbox 1020 512 1351 619; x_wconf 68' lang='lat' dir='ltr'>anfunsus.</span> <span class='ocrx_word' id='word_1_7' title='bbox 1380 548 1461 644; x_wconf 71' lang='lat'>353</span> 
     </span>
     <span class='ocr_line' id='line_1_2' title="bbox 97 671 1205 857; baseline 0.014 -40"><span class='ocrx_word' id='word_1_8' title='bbox 97 671 103 816; x_wconf 79' lang='lat' dir='ltr'><em>i</em></span> <span class='ocrx_word' id='word_1_9' title='bbox 253 812 259 819; x_wconf 84' lang='lat'><em>.</em></span> <span class='ocrx_word' id='word_1_10' title='bbox 510 730 1205 857; x_wconf 76' lang='lat' dir='ltr'>norsuotacu.</span> 
     </span>
     <span class='ocr_line' id='line_1_3' title="bbox 97 861 1419 1043; baseline 0.003 -11"><span class='ocrx_word' id='word_1_11' title='bbox 97 861 102 1020; x_wconf 57' lang='grc' dir='ltr'>ἶ</span> <span class='ocrx_word' id='word_1_12' title='bbox 196 878 207 899; x_wconf 74' lang='grc'>”</span> <span class='ocrx_word' id='word_1_13' title='bbox 281 940 720 1043; x_wconf 79' lang='lat' dir='ltr'>nurscouo</span> <span class='ocrx_word' id='word_1_14' title='bbox 779 940 1419 1043; x_wconf 81' lang='lat' dir='ltr'><strong>ATREBATENSI.</strong></span> 
     </span>
    </p>
   </div>
   <div class='ocr_carea' id='block_1_2' title="bbox 98 1106 1685 1507">
    <p class='ocr_par' dir='ltr' id='par_1_2' title="bbox 98 1106 1685 1507">
     <span class='ocr_line' id='line_1_4' title="bbox 116 1106 1685 1285; baseline -0.003 -36.045"><span class='ocrx_word' id='word_1_15' title='bbox 116 1274 119 1285; x_wconf 26' lang='grc' dir='ltr'>Ι</span> <span class='ocrx_word' id='word_1_16' title='bbox 252 1106 461 1273; x_wconf 70' lang='lat' dir='ltr'>Rescriiit</span> <span class='ocrx_word' id='word_1_17' title='bbox 496 1156 596 1271; x_wconf 79' lang='lat' dir='ltr'>quiri</span> <span class='ocrx_word' id='word_1_18' title='bbox 629 1146 943 1279; x_wconf 72' lang='lat' dir='ltr'>respondentium</span> <span class='ocrx_word' id='word_1_19' title='bbox 987 1154 1188 1242; x_wconf 69' lang='lat' dir='ltr'>oimmur‘</span> <span class='ocrx_word' id='word_1_20' title='bbox 1218 1152 1458 1267; x_wconf 66' lang='lat' dir='ltr'>Trevirerfi·</span> <span class='ocrx_word' id='word_1_21' title='bbox 1516 1172 1622 1244; x_wconf 74' lang='lat'>¹550·</span> <span class='ocrx_word' id='word_1_22' title='bbox 1651 1163 1685 1176; x_wconf 80' lang='grc'><strong>“</strong></span> 
     </span>
     <span class='ocr_line' id='line_1_5' title="bbox 98 1263 1671 1467; baseline 0.001 -110"><span class='ocrx_word' id='word_1_23' title='bbox 98 1293 99 1319; x_wconf 72' lang='lat'>³</span> <span class='ocrx_word' id='word_1_24' title='bbox 315 1268 389 1359; x_wconf 83' lang='lat' dir='ltr'>bus</span> <span class='ocrx_word' id='word_1_25' title='bbox 404 1268 537 1385; x_wconf 81' lang='lat' dir='ltr'>super</span> <span class='ocrx_word' id='word_1_26' title='bbox 561 1266 825 1374; x_wconf 75' lang='lat' dir='ltr'>controversia</span> <span class='ocrx_word' id='word_1_27' title='bbox 852 1263 1228 1405; x_wconf 67' lang='lat' dir='ltr'>Luxentbmgenst,</span> <span class='ocrx_word' id='word_1_28' title='bbox 1256 1291 1356 1467; x_wconf 46' lang='grc' dir='ltr'>ἅμα</span> <span class='ocrx_word' id='word_1_29' title='bbox 1374 1292 1458 1385; x_wconf 82' lang='lat' dir='ltr'>per</span> <span class='ocrx_word' id='word_1_30' title='bbox 1660 1284 1671 1291; x_wconf 75' lang='grc'><strong>”</strong></span> 
     </span>
     <span class='ocr_line' id='line_1_6' title="bbox 317 1378 1458 1507; baseline -0.002 -36"><span class='ocrx_word' id='word_1_31' title='bbox 317 1390 537 1471; x_wconf 70' lang='lat' dir='ltr'>traciarum</span> <span class='ocrx_word' id='word_1_32' title='bbox 590 1378 867 1507; x_wconf 71' lang='lat' dir='ltr'>Augustoritum</span> <span class='ocrx_word' id='word_1_33' title='bbox 919 1406 1018 1471; x_wconf 81' lang='lat' dir='ltr'>anna</span> <span class='ocrx_word' id='word_1_34' title='bbox 1079 1391 1200 1496; x_wconf 85' lang='lat'>1548.</span> <span class='ocrx_word' id='word_1_35' title='bbox 1268 1403 1458 1499; x_wconf 14' lang='lat' dir='ltr'>‘rrrmpta</span> 
     </span>
    </p>
   </div>
   <div class='ocr_carea' id='block_1_3' title="bbox 299 1494 408 1609">
    <p class='ocr_par' dir='ltr' id='par_1_3' title="bbox 299 1494 408 1609">
     <span class='ocr_line' id='line_1_7' title="bbox 299 1494 408 1609; baseline -0.028 -24"><span class='ocrx_word' id='word_1_36' title='bbox 299 1494 408 1609; x_wconf 74' lang='lat' dir='ltr'><em>fiiis.</em></span> 
     </span>
    </p>
   </div>
   <div class='ocr_carea' id='block_1_4' title="bbox 98 1686 1608 4368">
    <p class='ocr_par' dir='ltr' id='par_1_4' title="bbox 341 1686 1464 1771">
     <span class='ocr_line' id='line_1_8' title="bbox 341 1686 1464 1771; baseline -0.002 -6"><span class='ocrx_word' id='word_1_37' title='bbox 341 1686 608 1769; x_wconf 82' lang='lat' dir='ltr'>Everendisiime</span> <span class='ocrx_word' id='word_1_38' title='bbox 635 1710 679 1767; x_wconf 85' lang='lat' dir='ltr'>ac</span> <span class='ocrx_word' id='word_1_39' title='bbox 695 1686 989 1769; x_wconf 79' lang='lat' dir='ltr'>observandissime</span> <span class='ocrx_word' id='word_1_40' title='bbox 1003 1686 1169 1767; x_wconf 80' lang='lat' dir='ltr'>Domine</span> <span class='ocrx_word' id='word_1_41' title='bbox 1218 1686 1261 1767; x_wconf 91' lang='lat' dir='ltr'>In</span> <span class='ocrx_word' id='word_1_42' title='bbox 1343 1693 1379 1768; x_wconf 88' lang='lat' dir='ltr'>vi</span> <span class='ocrx_word' id='word_1_43' title='bbox 1398 1716 1464 1771; x_wconf 69' lang='lat' dir='ltr'>ne.</span> 
     </span>
    </p>

    <p class='ocr_par' dir='ltr' id='par_1_5' title="bbox 365 1788 1456 1885">
     <span class='ocr_line' id='line_1_9' title="bbox 365 1788 1456 1885; baseline 0.003 -25"><span class='ocrx_word' id='word_1_44' title='bbox 365 1790 544 1885; x_wconf 6' lang='lat' dir='ltr'>*gottorum</span> <span class='ocrx_word' id='word_1_45' title='bbox 572 1791 681 1876; x_wconf 88' lang='lat' dir='ltr'>mole,</span> <span class='ocrx_word' id='word_1_46' title='bbox 706 1812 783 1883; x_wconf 87' lang='lat' dir='ltr'>quae</span> <span class='ocrx_word' id='word_1_47' title='bbox 812 1788 913 1862; x_wconf 78' lang='lat' dir='ltr'>nobit</span> <span class='ocrx_word' id='word_1_48' title='bbox 933 1790 992 1863; x_wconf 87' lang='lat' dir='ltr'>hic</span> <span class='ocrx_word' id='word_1_49' title='bbox 1019 1788 1080 1861; x_wconf 92' lang='lat' dir='ltr'>sub</span> <span class='ocrx_word' id='word_1_50' title='bbox 1104 1788 1252 1885; x_wconf 85' lang='lat' dir='ltr'>Reginae</span> <span class='ocrx_word' id='word_1_51' title='bbox 1303 1788 1456 1865; x_wconf 87' lang='lat' dir='ltr'>&#39;cessum</span> 
     </span>
    </p>

    <p class='ocr_par' dir='ltr' id='par_1_6' title="bbox 98 1877 1455 2076">
     <span class='ocr_line' id='line_1_10' title="bbox 98 1877 1455 1981; baseline 0.001 -24"><span class='ocrx_word' id='word_1_52' title='bbox 98 1918 99 1925; x_wconf 44' lang='lat'>¹</span> <span class='ocrx_word' id='word_1_53' title='bbox 254 1878 433 1969; x_wconf 86' lang='lat' dir='ltr'>affluunt,</span> <span class='ocrx_word' id='word_1_54' title='bbox 468 1884 522 1957; x_wconf 67' lang='lat' dir='ltr'>ad*</span> <span class='ocrx_word' id='word_1_55' title='bbox 535 1884 725 1979; x_wconf 87' lang='lat' dir='ltr'>postremas</span> <span class='ocrx_word' id='word_1_56' title='bbox 753 1880 799 1955; x_wconf 81' lang='lat' dir='ltr'>tt.</span> <span class='ocrx_word' id='word_1_57' title='bbox 825 1884 874 1957; x_wconf 85' lang='lat' dir='ltr'>D.</span> <span class='ocrx_word' id='word_1_58' title='bbox 900 1877 947 1958; x_wconf 90' lang='lat' dir='ltr'>V.</span> <span class='ocrx_word' id='word_1_59' title='bbox 970 1884 1093 1981; x_wconf 79' lang='lat' dir='ltr'>paucis</span> <span class='ocrx_word' id='word_1_60' title='bbox 1119 1882 1286 1960; x_wconf 82' lang='lat' dir='ltr'>duntaxat</span> <span class='ocrx_word' id='word_1_61' title='bbox 1314 1886 1374 1959; x_wconf 88' lang='lat' dir='ltr'>res</span> <span class='ocrx_word' id='word_1_62' title='bbox 1393 1908 1455 1959; x_wconf 88' lang='lat' dir='ltr'>on-</span> 
     </span>
     <span class='ocr_line' id='line_1_11' title="bbox 255 1976 1455 2076; baseline 0.002 -23"><span class='ocrx_word' id='word_1_63' title='bbox 255 1980 362 2053; x_wconf 85' lang='lat' dir='ltr'>debo.</span> <span class='ocrx_word' id='word_1_64' title='bbox 411 1978 469 2053; x_wconf 88' lang='lat' dir='ltr'>Ab</span> <span class='ocrx_word' id='word_1_65' title='bbox 489 1976 786 2075; x_wconf 85' lang='lat' dir='ltr'>Luxemburgenst</span> <span class='ocrx_word' id='word_1_66' title='bbox 808 1977 927 2055; x_wconf 86' lang='lat' dir='ltr'>senatu</span> <span class='ocrx_word' id='word_1_67' title='bbox 944 1982 1059 2054; x_wconf 88' lang='lat' dir='ltr'>adhuc</span> <span class='ocrx_word' id='word_1_68' title='bbox 1076 1982 1297 2075; x_wconf 76' lang='lat' dir='ltr'>expectamus</span> <span class='ocrx_word' id='word_1_69' title='bbox 1313 2005 1351 2054; x_wconf 87' lang='lat' dir='ltr'>re</span> <span class='ocrx_word' id='word_1_70' title='bbox 1364 2004 1455 2076; x_wconf 91' lang='lat' dir='ltr'>pon·</span> 
     </span>
    </p>

    <p class='ocr_par' dir='ltr' id='par_1_7' title="bbox 98 2072 1455 2170">
     <span class='ocr_line' id='line_1_12' title="bbox 98 2072 1455 2170; baseline 0.003 -22"><span class='ocrx_word' id='word_1_71' title='bbox 98 2076 99 2083; x_wconf 74' lang='grc'>’</span> <span class='ocrx_word' id='word_1_72' title='bbox 255 2073 333 2148; x_wconf 87' lang='lat' dir='ltr'>sum</span> <span class='ocrx_word' id='word_1_73' title='bbox 357 2075 393 2147; x_wconf 90' lang='lat' dir='ltr'>in</span> <span class='ocrx_word' id='word_1_74' title='bbox 420 2072 518 2151; x_wconf 87' lang='lat' dir='ltr'>causa</span> <span class='ocrx_word' id='word_1_75' title='bbox 544 2074 708 2148; x_wconf 87' lang='lat' dir='ltr'>Abbatiae</span> <span class='ocrx_word' id='word_1_76' title='bbox 728 2074 763 2149; x_wconf 90' lang='lat' dir='ltr'>S.</span> <span class='ocrx_word' id='word_1_77' title='bbox 789 2076 985 2163; x_wconf 76' lang='lat' dir='ltr'><em>Maximini,</em></span> <span class='ocrx_word' id='word_1_78' title='bbox 1010 2078 1108 2170; x_wconf 91' lang='lat' dir='ltr'>quod</span> <span class='ocrx_word' id='word_1_79' title='bbox 1126 2098 1243 2150; x_wconf 89' lang='lat' dir='ltr'>tamen</span> <span class='ocrx_word' id='word_1_80' title='bbox 1268 2077 1371 2151; x_wconf 89' lang='lat' dir='ltr'>brevi</span> <span class='ocrx_word' id='word_1_81' title='bbox 1394 2081 1455 2152; x_wconf 88' lang='lat' dir='ltr'>ad-</span> 
     </span>
    </p>

    <p class='ocr_par' dir='ltr' id='par_1_8' title="bbox 181 2166 1535 2457">
     <span class='ocr_line' id='line_1_13' title="bbox 181 2166 1535 2268; baseline 0.004 -26"><span class='ocrx_word' id='word_1_82' title='bbox 181 2176 185 2179; x_wconf 82' lang='grc'><strong>’</strong></span> <span class='ocrx_word' id='word_1_83' title='bbox 255 2166 338 2243; x_wconf 84' lang='lat' dir='ltr'>sore</span> <span class='ocrx_word' id='word_1_84' title='bbox 363 2170 483 2268; x_wconf 88' lang='lat' dir='ltr'>spero,</span> <span class='ocrx_word' id='word_1_85' title='bbox 509 2166 589 2245; x_wconf 84' lang='lat' dir='ltr'>cirm</span> <span class='ocrx_word' id='word_1_86' title='bbox 609 2169 820 2265; x_wconf 86' lang='lat' dir='ltr'>jampridem</span> <span class='ocrx_word' id='word_1_87' title='bbox 844 2194 864 2243; x_wconf 88' lang='lat' dir='ltr'>a</span> <span class='ocrx_word' id='word_1_88' title='bbox 890 2192 945 2242; x_wconf 89' lang='lat' dir='ltr'>me</span> <span class='ocrx_word' id='word_1_89' title='bbox 965 2168 1301 2266; x_wconf 82' lang='lat' dir='ltr'>secundae&#39;juffionis</span> <span class='ocrx_word' id='word_1_90' title='bbox 1322 2174 1451 2247; x_wconf 85' lang='lat' dir='ltr'>litterae</span> <span class='ocrx_word' id='word_1_91' title='bbox 1524 2186 1535 2193; x_wconf 78' lang='grc'><strong>“</strong></span> 
     </span>
     <span class='ocr_line' id='line_1_14' title="bbox 256 2264 1455 2363; baseline 0.004 -25"><span class='ocrx_word' id='word_1_92' title='bbox 256 2289 304 2339; x_wconf 87' lang='lat' dir='ltr'>eo</span> <span class='ocrx_word' id='word_1_93' title='bbox 330 2265 396 2339; x_wconf 87' lang='lat' dir='ltr'>sint</span> <span class='ocrx_word' id='word_1_94' title='bbox 425 2264 539 2341; x_wconf 78' lang='lat' dir='ltr'>missae.</span> <span class='ocrx_word' id='word_1_95' title='bbox 589 2264 822 2341; x_wconf 83' lang='lat' dir='ltr'>Treverenses</span> <span class='ocrx_word' id='word_1_96' title='bbox 849 2265 936 2339; x_wconf 80' lang='lat' dir='ltr'>vero</span> <span class='ocrx_word' id='word_1_97' title='bbox 962 2267 1143 2362; x_wconf 86' lang='lat' dir='ltr'>antiquum</span> <span class='ocrx_word' id='word_1_98' title='bbox 1164 2265 1367 2351; x_wconf 88' lang='lat' dir='ltr'>observant,</span> <span class='ocrx_word' id='word_1_99' title='bbox 1392 2270 1455 2363; x_wconf 87' lang='lat' dir='ltr'>qui</span> 
     </span>
     <span class='ocr_line' id='line_1_15' title="bbox 255 2358 1454 2457; baseline 0.003 -24"><span class='ocrx_word' id='word_1_100' title='bbox 255 2358 358 2435; x_wconf 85' lang='lat' dir='ltr'>istum</span> <span class='ocrx_word' id='word_1_101' title='bbox 380 2364 452 2437; x_wconf 89' lang='lat' dir='ltr'>illic</span> <span class='ocrx_word' id='word_1_102' title='bbox 475 2362 675 2457; x_wconf 89' lang='lat' dir='ltr'>scrupulum</span> <span class='ocrx_word' id='word_1_103' title='bbox 704 2381 864 2445; x_wconf 90' lang='lat' dir='ltr'>movent,</span> <span class='ocrx_word' id='word_1_104' title='bbox 888 2360 932 2435; x_wconf 91' lang='lat' dir='ltr'>de</span> <span class='ocrx_word' id='word_1_105' title='bbox 960 2362 1160 2457; x_wconf 83' lang='lat' dir='ltr'>cognitione</span> <span class='ocrx_word' id='word_1_106' title='bbox 1186 2364 1326 2435; x_wconf 85' lang='lat' dir='ltr'>violatae</span> <span class='ocrx_word' id='word_1_107' title='bbox 1343 2364 1454 2457; x_wconf 75' lang='lat' dir='ltr'>pacit.</span> 
     </span>
    </p>

    <p class='ocr_par' dir='ltr' id='par_1_9' title="bbox 126 2452 1553 2555">
     <span class='ocr_line' id='line_1_16' title="bbox 126 2452 1553 2555; baseline 0.006 -27"><span class='ocrx_word' id='word_1_108' title='bbox 126 2505 127 2513; x_wconf 22' lang='grc' dir='ltr'><strong>κ</strong></span> <span class='ocrx_word' id='word_1_109' title='bbox 203 2488 207 2496; x_wconf 89' lang='grc'>·</span> <span class='ocrx_word' id='word_1_110' title='bbox 256 2455 390 2554; x_wconf 90' lang='lat' dir='ltr'>Inquo</span> <span class='ocrx_word' id='word_1_111' title='bbox 416 2456 497 2531; x_wconf 74' lang='lat' dir='ltr'>sane</span> <span class='ocrx_word' id='word_1_112' title='bbox 517 2456 596 2531; x_wconf 83' lang='lat' dir='ltr'>cium</span> <span class='ocrx_word' id='word_1_113' title='bbox 619 2452 840 2533; x_wconf 72' lang='lat' dir='ltr'>trabtaremus</span> <span class='ocrx_word' id='word_1_114' title='bbox 863 2478 942 2529; x_wconf 92' lang='lat' dir='ltr'>cum</span> <span class='ocrx_word' id='word_1_115' title='bbox 968 2456 1231 2531; x_wconf 88' lang='lat' dir='ltr'>Statibusanno</span> <span class='ocrx_word' id='word_1_116' title='bbox 1263 2463 1365 2549; x_wconf 85' lang='lat'>1548.</span> <span class='ocrx_word' id='word_1_117' title='bbox 1390 2481 1455 2555; x_wconf 90' lang='lat' dir='ltr'>po-</span> <span class='ocrx_word' id='word_1_118' title='bbox 1547 2530 1553 2537; x_wconf 84' lang='grc'><em>,</em></span> 
     </span>
    </p>

    <p class='ocr_par' dir='ltr' id='par_1_10' title="bbox 257 2550 1489 2644">
     <span class='ocr_line' id='line_1_17' title="bbox 257 2550 1489 2644; baseline 0.002 -19"><span class='ocrx_word' id='word_1_119' title='bbox 257 2553 378 2625; x_wconf 87' lang='lat' dir='ltr'>tiffima</span> <span class='ocrx_word' id='word_1_120' title='bbox 399 2574 484 2626; x_wconf 92' lang='lat' dir='ltr'>tunc</span> <span class='ocrx_word' id='word_1_121' title='bbox 507 2550 710 2625; x_wconf 82' lang='lat' dir='ltr'>versabatur</span> <span class='ocrx_word' id='word_1_122' title='bbox 734 2552 929 2626; x_wconf 80' lang='lat' dir='ltr'>difficultas.</span> <span class='ocrx_word' id='word_1_123' title='bbox 979 2552 1048 2627; x_wconf 86' lang='lat' dir='ltr'>Sed</span> <span class='ocrx_word' id='word_1_124' title='bbox 1071 2550 1212 2629; x_wconf 88' lang='lat' dir='ltr'>favente</span> <span class='ocrx_word' id='word_1_125' title='bbox 1238 2555 1378 2625; x_wconf 91' lang='lat' dir='ltr'>numine</span> <span class='ocrx_word' id='word_1_126' title='bbox 1394 2577 1454 2627; x_wconf 89' lang='lat' dir='ltr'>ne·</span> <span class='ocrx_word' id='word_1_127' title='bbox 1485 2636 1489 2644; x_wconf 48' lang='grc'><strong><em>,</em></strong></span> 
     </span>
    </p>

    <p class='ocr_par' dir='ltr' id='par_1_11' title="bbox 98 2644 1484 2840">
     <span class='ocr_line' id='line_1_18' title="bbox 98 2644 1484 2741; baseline 0.004 -22"><span class='ocrx_word' id='word_1_128' title='bbox 98 2676 99 2687; x_wconf 49' lang='lat'>¹</span> <span class='ocrx_word' id='word_1_129' title='bbox 257 2650 397 2741; x_wconf 83' lang='lat' dir='ltr'>gotium</span> <span class='ocrx_word' id='word_1_130' title='bbox 416 2651 486 2719; x_wconf 91' lang='lat' dir='ltr'>hoc</span> <span class='ocrx_word' id='word_1_131' title='bbox 502 2644 581 2717; x_wconf 81' lang='lat' dir='ltr'>satir</span> <span class='ocrx_word' id='word_1_132' title='bbox 598 2644 746 2719; x_wconf 85' lang='lat' dir='ltr'>feliciter</span> <span class='ocrx_word' id='word_1_133' title='bbox 768 2669 852 2721; x_wconf 92' lang='lat' dir='ltr'>tunc</span> <span class='ocrx_word' id='word_1_134' title='bbox 868 2644 935 2719; x_wconf 90' lang='lat' dir='ltr'>suit</span> <span class='ocrx_word' id='word_1_135' title='bbox 951 2646 1168 2723; x_wconf 75' lang='lat' dir='ltr'>transattum.</span> <span class='ocrx_word' id='word_1_136' title='bbox 1217 2645 1271 2721; x_wconf 93' lang='lat' dir='ltr'>Ut</span> <span class='ocrx_word' id='word_1_137' title='bbox 1286 2648 1455 2725; x_wconf 88' lang='lat' dir='ltr'>videlicet</span> <span class='ocrx_word' id='word_1_138' title='bbox 1480 2645 1484 2654; x_wconf 75' lang='grc'>’</span> 
     </span>
     <span class='ocr_line' id='line_1_19' title="bbox 255 2738 1454 2840; baseline 0.003 -25"><span class='ocrx_word' id='word_1_139' title='bbox 255 2744 306 2837; x_wconf 71' lang='grc' dir='ltr'>Ι(Ῑε</span> <span class='ocrx_word' id='word_1_140' title='bbox 325 2765 422 2839; x_wconf 79' lang='lat' dir='ltr'>¹pace</span> <span class='ocrx_word' id='word_1_141' title='bbox 450 2764 472 2815; x_wconf 89' lang='lat' dir='ltr'>a</span> <span class='ocrx_word' id='word_1_142' title='bbox 502 2738 646 2815; x_wconf 79' lang='lat' dir='ltr'>subditis</span> <span class='ocrx_word' id='word_1_143' title='bbox 680 2744 753 2830; x_wconf 88' lang='lat' dir='ltr'>(uti</span> <span class='ocrx_word' id='word_1_144' title='bbox 778 2742 952 2836; x_wconf 89' lang='lat' dir='ltr'>praetendi</span> <span class='ocrx_word' id='word_1_145' title='bbox 988 2740 1123 2840; x_wconf 89' lang='lat' dir='ltr'>posset)</span> <span class='ocrx_word' id='word_1_146' title='bbox 1153 2746 1314 2832; x_wconf 87' lang='lat' dir='ltr'>violata,</span> <span class='ocrx_word' id='word_1_147' title='bbox 1343 2743 1454 2839; x_wconf 78' lang='lat' dir='ltr'>judex</span> 
     </span>
    </p>

    <p class='ocr_par' dir='ltr' id='par_1_12' title="bbox 98 2838 1453 3005">
     <span class='ocr_line' id='line_1_20' title="bbox 98 2838 1453 3005; baseline 0.001 -94"><span class='ocrx_word' id='word_1_148' title='bbox 98 2880 99 2885; x_wconf 63' lang='lat'><em>=</em></span> <span class='ocrx_word' id='word_1_149' title='bbox 255 2838 514 3005; x_wconf 55' lang='lat' dir='ltr'>utrobipuerei</span> <span class='ocrx_word' id='word_1_150' title='bbox 533 2860 574 2909; x_wconf 91' lang='lat' dir='ltr'>ac</span> <span class='ocrx_word' id='word_1_151' title='bbox 589 2839 754 2911; x_wconf 84' lang='lat' dir='ltr'>conventi</span> <span class='ocrx_word' id='word_1_152' title='bbox 777 2838 1015 2933; x_wconf 85' lang='lat' dir='ltr'>cognitionem</span> <span class='ocrx_word' id='word_1_153' title='bbox 1029 2840 1193 2927; x_wconf 87' lang='lat' dir='ltr'>haberet,</span> <span class='ocrx_word' id='word_1_154' title='bbox 1219 2839 1314 2936; x_wconf 90' lang='lat' dir='ltr'>quod</span> <span class='ocrx_word' id='word_1_155' title='bbox 1331 2842 1453 2913; x_wconf 78' lang='lat' dir='ltr'>trasia-</span> 
     </span>
    </p>

    <p class='ocr_par' dir='ltr' id='par_1_13' title="bbox 98 2932 1608 4083">
     <span class='ocr_line' id='line_1_21' title="bbox 98 2932 1608 3031; baseline -0.002 -23"><span class='ocrx_word' id='word_1_156' title='bbox 98 2938 99 3019; x_wconf 67' lang='lat'><em>}</em></span> <span class='ocrx_word' id='word_1_157' title='bbox 257 2957 316 3008; x_wconf 84' lang='lat' dir='ltr'>tus</span> <span class='ocrx_word' id='word_1_158' title='bbox 350 2937 388 3031; x_wconf 92' lang='lat' dir='ltr'>ip</span> <span class='ocrx_word' id='word_1_159' title='bbox 402 2954 454 3005; x_wconf 87' lang='lat' dir='ltr'>rus</span> <span class='ocrx_word' id='word_1_160' title='bbox 487 2933 594 3007; x_wconf 88' lang='lat' dir='ltr'>verba</span> <span class='ocrx_word' id='word_1_161' title='bbox 628 2932 785 3028; x_wconf 72' lang='lat' dir='ltr'>expresse</span> <span class='ocrx_word' id='word_1_162' title='bbox 822 2933 987 3009; x_wconf 86' lang='lat' dir='ltr'>indicent.</span> <span class='ocrx_word' id='word_1_163' title='bbox 1038 2935 1088 3011; x_wconf 87' lang='lat' dir='ltr'>At</span> <span class='ocrx_word' id='word_1_164' title='bbox 1117 2956 1240 3009; x_wconf 86' lang='lat' dir='ltr'>contra</span> <span class='ocrx_word' id='word_1_165' title='bbox 1269 2932 1454 3031; x_wconf 89' lang='lat' dir='ltr'>ipsummet</span> <span class='ocrx_word' id='word_1_166' title='bbox 1503 2935 1508 2939; x_wconf 77' lang='grc'><strong>’</strong></span> <span class='ocrx_word' id='word_1_167' title='bbox 1602 2996 1608 3005; x_wconf 90' lang='grc'><strong>.</strong></span> 
     </span>
     <span class='ocr_line' id='line_1_22' title="bbox 254 3027 1451 3128; baseline 0.004 -27"><span class='ocrx_word' id='word_1_168' title='bbox 254 3028 455 3124; x_wconf 82' lang='lat' dir='ltr'>Principem</span> <span class='ocrx_word' id='word_1_169' title='bbox 481 3052 523 3103; x_wconf 87' lang='lat' dir='ltr'>ac</span> <span class='ocrx_word' id='word_1_170' title='bbox 549 3027 742 3101; x_wconf 90' lang='lat' dir='ltr'>Dominum</span> <span class='ocrx_word' id='word_1_171' title='bbox 772 3028 892 3103; x_wconf 88' lang='lat' dir='ltr'>harum</span> <span class='ocrx_word' id='word_1_172' title='bbox 915 3051 1110 3114; x_wconf 86' lang='lat' dir='ltr'>terrarum,</span> <span class='ocrx_word' id='word_1_173' title='bbox 1142 3032 1201 3105; x_wconf 91' lang='lat' dir='ltr'>cui</span> <span class='ocrx_word' id='word_1_174' title='bbox 1223 3033 1370 3105; x_wconf 88' lang='lat' dir='ltr'>violatio</span> <span class='ocrx_word' id='word_1_175' title='bbox 1388 3056 1451 3128; x_wconf 88' lang='lat' dir='ltr'>pa·</span> 
     </span>
     <span class='ocr_line' id='line_1_23' title="bbox 254 3124 1453 3224; baseline 0.002 -25"><span class='ocrx_word' id='word_1_176' title='bbox 254 3127 308 3199; x_wconf 77' lang='lat' dir='ltr'>cia</span> <span class='ocrx_word' id='word_1_177' title='bbox 330 3126 373 3199; x_wconf 89' lang='lat' dir='ltr'>ab</span> <span class='ocrx_word' id='word_1_178' title='bbox 393 3126 511 3220; x_wconf 87' lang='lat' dir='ltr'>aliquo</span> <span class='ocrx_word' id='word_1_179' title='bbox 535 3126 697 3197; x_wconf 88' lang='lat' dir='ltr'>intentari</span> <span class='ocrx_word' id='word_1_180' title='bbox 720 3124 852 3219; x_wconf 87' lang='lat' dir='ltr'>posset,</span> <span class='ocrx_word' id='word_1_181' title='bbox 877 3126 927 3203; x_wconf 87' lang='lat' dir='ltr'>uti</span> <span class='ocrx_word' id='word_1_182' title='bbox 952 3148 1025 3224; x_wconf 83' lang='lat' dir='ltr'>nott</span> <span class='ocrx_word' id='word_1_183' title='bbox 1057 3127 1107 3201; x_wconf 87' lang='lat' dir='ltr'>est</span> <span class='ocrx_word' id='word_1_184' title='bbox 1129 3126 1306 3223; x_wconf 89' lang='lat' dir='ltr'>Imperiali</span> <span class='ocrx_word' id='word_1_185' title='bbox 1325 3124 1453 3215; x_wconf 73' lang='lat' dir='ltr'>Carne·</span> 
     </span>
     <span class='ocr_line' id='line_1_24' title="bbox 257 3220 1450 3315; baseline -0.003 -19"><span class='ocrx_word' id='word_1_186' title='bbox 257 3243 329 3310; x_wconf 83' lang='lat' dir='ltr'>rae,</span> <span class='ocrx_word' id='word_1_187' title='bbox 354 3239 413 3293; x_wconf 90' lang='lat' dir='ltr'>aut</span> <span class='ocrx_word' id='word_1_188' title='bbox 441 3222 544 3293; x_wconf 88' lang='lat' dir='ltr'>alicui</span> <span class='ocrx_word' id='word_1_189' title='bbox 570 3222 629 3293; x_wconf 89' lang='lat' dir='ltr'>alii</span> <span class='ocrx_word' id='word_1_190' title='bbox 654 3220 822 3295; x_wconf 81' lang='lat' dir='ltr'>attributa</span> <span class='ocrx_word' id='word_1_191' title='bbox 849 3222 1022 3314; x_wconf 86' lang='lat' dir='ltr'>cognitio:</span> <span class='ocrx_word' id='word_1_192' title='bbox 1048 3224 1097 3294; x_wconf 91' lang='lat' dir='ltr'>ita</span> <span class='ocrx_word' id='word_1_193' title='bbox 1120 3244 1265 3315; x_wconf 87' lang='lat' dir='ltr'>quoqne</span> <span class='ocrx_word' id='word_1_194' title='bbox 1287 3242 1359 3293; x_wconf 92' lang='lat' dir='ltr'>non</span> <span class='ocrx_word' id='word_1_195' title='bbox 1382 3243 1450 3295; x_wconf 87' lang='lat' dir='ltr'>tra·</span> 
     </span>
     <span class='ocr_line' id='line_1_25' title="bbox 258 3312 1450 3411; baseline 0 -22"><span class='ocrx_word' id='word_1_196' title='bbox 258 3315 333 3392; x_wconf 85' lang='lat' dir='ltr'>dita</span> <span class='ocrx_word' id='word_1_197' title='bbox 353 3339 417 3411; x_wconf 91' lang='lat' dir='ltr'>per</span> <span class='ocrx_word' id='word_1_198' title='bbox 445 3315 606 3389; x_wconf 89' lang='lat' dir='ltr'>eumdem</span> <span class='ocrx_word' id='word_1_199' title='bbox 632 3312 813 3389; x_wconf 78' lang='lat' dir='ltr'>traiiatum</span> <span class='ocrx_word' id='word_1_200' title='bbox 839 3312 969 3401; x_wconf 86' lang='lat' dir='ltr'>forma,</span> <span class='ocrx_word' id='word_1_201' title='bbox 994 3318 1174 3411; x_wconf 89' lang='lat' dir='ltr'>quomodo</span> <span class='ocrx_word' id='word_1_202' title='bbox 1202 3316 1280 3387; x_wconf 81' lang='lat' dir='ltr'>talia</span> <span class='ocrx_word' id='word_1_203' title='bbox 1309 3334 1450 3389; x_wconf 75' lang='lat' dir='ltr'>contro</span> 
     </span>
     <span class='ocr_line' id='line_1_26' title="bbox 253 3408 1451 3507; baseline 0 -22"><span class='ocrx_word' id='word_1_204' title='bbox 253 3409 366 3485; x_wconf 81' lang='lat' dir='ltr'>versia</span> <span class='ocrx_word' id='word_1_205' title='bbox 393 3412 518 3485; x_wconf 89' lang='lat' dir='ltr'>debeat</span> <span class='ocrx_word' id='word_1_206' title='bbox 536 3431 595 3483; x_wconf 90' lang='lat' dir='ltr'>aut</span> <span class='ocrx_word' id='word_1_207' title='bbox 620 3408 719 3504; x_wconf 77' lang='lat' dir='ltr'>possut</span> <span class='ocrx_word' id='word_1_208' title='bbox 747 3410 896 3483; x_wconf 88' lang='lat' dir='ltr'>diffiniri.</span> <span class='ocrx_word' id='word_1_209' title='bbox 955 3412 1011 3484; x_wconf 84' lang='lat' dir='ltr'>Ac</span> <span class='ocrx_word' id='word_1_210' title='bbox 1034 3410 1145 3485; x_wconf 89' lang='lat' dir='ltr'>videri</span> <span class='ocrx_word' id='word_1_211' title='bbox 1170 3409 1311 3505; x_wconf 88' lang='lat' dir='ltr'>quidem</span> <span class='ocrx_word' id='word_1_212' title='bbox 1339 3414 1451 3507; x_wconf 91' lang='lat' dir='ltr'>prima</span> 
     </span>
     <span class='ocr_line' id='line_1_27' title="bbox 257 3503 1450 3601; baseline 0.001 -24"><span class='ocrx_word' id='word_1_213' title='bbox 257 3504 349 3577; x_wconf 85' lang='lat' dir='ltr'>secie</span> <span class='ocrx_word' id='word_1_214' title='bbox 376 3506 506 3598; x_wconf 91' lang='lat' dir='ltr'>potest,</span> <span class='ocrx_word' id='word_1_215' title='bbox 532 3503 599 3578; x_wconf 88' lang='lat' dir='ltr'>esse</span> <span class='ocrx_word' id='word_1_216' title='bbox 617 3505 774 3601; x_wconf 85' lang='lat' dir='ltr'>quaedam</span> <span class='ocrx_word' id='word_1_217' title='bbox 793 3506 1023 3599; x_wconf 85' lang='lat' dir='ltr'>inaequaiitar:</span> <span class='ocrx_word' id='word_1_218' title='bbox 1051 3508 1134 3578; x_wconf 91' lang='lat' dir='ltr'>dum</span> <span class='ocrx_word' id='word_1_219' title='bbox 1158 3529 1222 3578; x_wconf 88' lang='lat' dir='ltr'>nos</span> <span class='ocrx_word' id='word_1_220' title='bbox 1241 3528 1364 3583; x_wconf 87' lang='lat' dir='ltr'>contra</span> <span class='ocrx_word' id='word_1_221' title='bbox 1380 3506 1450 3579; x_wconf 91' lang='lat' dir='ltr'>lm·</span> 
     </span>
     <span class='ocr_line' id='line_1_28' title="bbox 259 3600 1451 3699; baseline 0.003 -26"><span class='ocrx_word' id='word_1_222' title='bbox 259 3600 427 3699; x_wconf 75' lang='lat' dir='ltr'>pericles,</span> <span class='ocrx_word' id='word_1_223' title='bbox 453 3600 477 3673; x_wconf 89' lang='lat' dir='ltr'>s1</span> <span class='ocrx_word' id='word_1_224' title='bbox 501 3623 624 3695; x_wconf 83' lang='lat' dir='ltr'>pacem</span> <span class='ocrx_word' id='word_1_225' title='bbox 647 3600 809 3675; x_wconf 89' lang='lat' dir='ltr'>adversus</span> <span class='ocrx_word' id='word_1_226' title='bbox 832 3624 896 3673; x_wconf 84' lang='lat' dir='ltr'>nos</span> <span class='ocrx_word' id='word_1_227' title='bbox 914 3604 1065 3686; x_wconf 90' lang='lat' dir='ltr'>violent,</span> <span class='ocrx_word' id='word_1_228' title='bbox 1087 3602 1239 3697; x_wconf 85' lang='lat' dir='ltr'>judicem</span> <span class='ocrx_word' id='word_1_229' title='bbox 1262 3604 1451 3689; x_wconf 79' lang='lat' dir='ltr'>habemus,</span> 
     </span>
     <span class='ocr_line' id='line_1_29' title="bbox 260 3694 1536 3793; baseline 0.002 -22"><span class='ocrx_word' id='word_1_230' title='bbox 260 3718 380 3772; x_wconf 88' lang='lat' dir='ltr'>coram</span> <span class='ocrx_word' id='word_1_231' title='bbox 391 3718 462 3791; x_wconf 90' lang='lat' dir='ltr'>quo</span> <span class='ocrx_word' id='word_1_232' title='bbox 481 3718 540 3767; x_wconf 80' lang='lat' dir='ltr'>eoa</span> <span class='ocrx_word' id='word_1_233' title='bbox 548 3694 718 3771; x_wconf 79' lang='lat' dir='ltr'>accusare</span> <span class='ocrx_word' id='word_1_234' title='bbox 737 3696 915 3793; x_wconf 75' lang='lat' dir='ltr'>possimus:</span> <span class='ocrx_word' id='word_1_235' title='bbox 939 3696 1003 3793; x_wconf 79' lang='lat' dir='ltr'>ipsi</span> <span class='ocrx_word' id='word_1_236' title='bbox 1022 3716 1146 3772; x_wconf 89' lang='lat' dir='ltr'>contra</span> <span class='ocrx_word' id='word_1_237' title='bbox 1159 3718 1304 3781; x_wconf 80' lang='lat' dir='ltr'>noanon</span> <span class='ocrx_word' id='word_1_238' title='bbox 1317 3700 1451 3773; x_wconf 82' lang='lat' dir='ltr'>itidem.</span> <span class='ocrx_word' id='word_1_239' title='bbox 1533 3785 1536 3790; x_wconf 11' lang='grc' dir='ltr'><em>Α</em></span> 
     </span>
     <span class='ocr_line' id='line_1_30' title="bbox 258 3786 1452 3891; baseline 0.004 -30"><span class='ocrx_word' id='word_1_240' title='bbox 258 3792 310 3867; x_wconf 87' lang='lat' dir='ltr'>At</span> <span class='ocrx_word' id='word_1_241' title='bbox 335 3790 425 3863; x_wconf 89' lang='lat' dir='ltr'>ratio</span> <span class='ocrx_word' id='word_1_242' title='bbox 446 3786 650 3865; x_wconf 79' lang='lat' dir='ltr'>differentiae</span> <span class='ocrx_word' id='word_1_243' title='bbox 678 3794 713 3867; x_wconf 91' lang='lat' dir='ltr'>in</span> <span class='ocrx_word' id='word_1_244' title='bbox 742 3815 911 3891; x_wconf 88' lang='lat' dir='ltr'>promptu</span> <span class='ocrx_word' id='word_1_245' title='bbox 930 3796 995 3879; x_wconf 90' lang='lat' dir='ltr'>est,</span> <span class='ocrx_word' id='word_1_246' title='bbox 1021 3792 1102 3874; x_wconf 80' lang='lat' dir='ltr'>ciam</span> <span class='ocrx_word' id='word_1_247' title='bbox 1124 3793 1176 3865; x_wconf 88' lang='lat' dir='ltr'>iiii</span> <span class='ocrx_word' id='word_1_248' title='bbox 1200 3790 1452 3888; x_wconf 83' lang='lat' dir='ltr'>recognoscant</span> 
     </span>
     <span class='ocr_line' id='line_1_31' title="bbox 258 3886 1452 3985; baseline 0.001 -22"><span class='ocrx_word' id='word_1_249' title='bbox 258 3888 478 3985; x_wconf 87' lang='lat' dir='ltr'>superiorem</span> <span class='ocrx_word' id='word_1_250' title='bbox 498 3890 617 3970; x_wconf 88' lang='lat' dir='ltr'>aliter,</span> <span class='ocrx_word' id='word_1_251' title='bbox 643 3888 747 3983; x_wconf 71' lang='lat' dir='ltr'>quim</span> <span class='ocrx_word' id='word_1_252' title='bbox 772 3912 847 3963; x_wconf 85' lang='lat' dir='ltr'>nos.</span> <span class='ocrx_word' id='word_1_253' title='bbox 897 3888 1007 3984; x_wconf 83' lang='lat' dir='ltr'>Atqui</span> <span class='ocrx_word' id='word_1_254' title='bbox 1028 3890 1166 3962; x_wconf 86' lang='lat' dir='ltr'>termini</span> <span class='ocrx_word' id='word_1_255' title='bbox 1185 3886 1321 3983; x_wconf 76' lang='lat' dir='ltr'>possent</span> <span class='ocrx_word' id='word_1_256' title='bbox 1338 3890 1452 3967; x_wconf 86' lang='lat' dir='ltr'>videri</span> 
     </span>
     <span class='ocr_line' id='line_1_32' title="bbox 260 3979 1451 4083; baseline 0.002 -24"><span class='ocrx_word' id='word_1_257' title='bbox 260 3984 372 4081; x_wconf 82' lang='lat' dir='ltr'>magis</span> <span class='ocrx_word' id='word_1_258' title='bbox 397 4005 531 4079; x_wconf 89' lang='lat' dir='ltr'>pares,</span> <span class='ocrx_word' id='word_1_259' title='bbox 563 3979 588 4053; x_wconf 86' lang='lat' dir='ltr'><strong>fi</strong></span> <span class='ocrx_word' id='word_1_260' title='bbox 614 3983 656 4055; x_wconf 89' lang='lat' dir='ltr'>de</span> <span class='ocrx_word' id='word_1_261' title='bbox 680 3982 758 4077; x_wconf 92' lang='lat' dir='ltr'>ipso</span> <span class='ocrx_word' id='word_1_262' title='bbox 778 3982 998 4077; x_wconf 72' lang='lat' dir='ltr'>‘imperatore</span> <span class='ocrx_word' id='word_1_263' title='bbox 1023 3986 1244 4079; x_wconf 82' lang='lat' dir='ltr'>loqueremur</span> <span class='ocrx_word' id='word_1_264' title='bbox 1263 3987 1348 4081; x_wconf 49' lang='lat' dir='ltr'>&gt;quir</span> <span class='ocrx_word' id='word_1_265' title='bbox 1378 3991 1451 4083; x_wconf 70' lang='lat' dir='ltr'>ejus</span> 
     </span>
    </p>

    <p class='ocr_par' dir='ltr' id='par_1_14' title="bbox 98 4076 1454 4368">
     <span class='ocr_line' id='line_1_33' title="bbox 98 4076 1453 4177; baseline 0.001 -22"><span class='ocrx_word' id='word_1_266' title='bbox 98 4096 99 4099; x_wconf 75' lang='grc'>’</span> <span class='ocrx_word' id='word_1_267' title='bbox 191 4151 193 4155; x_wconf 88' lang='grc'><strong>,</strong></span> <span class='ocrx_word' id='word_1_268' title='bbox 257 4082 369 4173; x_wconf 84' lang='lat' dir='ltr'>judex</span> <span class='ocrx_word' id='word_1_269' title='bbox 390 4076 457 4154; x_wconf 89' lang='lat' dir='ltr'>esse</span> <span class='ocrx_word' id='word_1_270' title='bbox 477 4080 621 4163; x_wconf 89' lang='lat' dir='ltr'>debeat,</span> <span class='ocrx_word' id='word_1_271' title='bbox 647 4076 770 4151; x_wconf 89' lang='lat' dir='ltr'>sseum</span> <span class='ocrx_word' id='word_1_272' title='bbox 791 4080 1012 4175; x_wconf 83' lang='lat' dir='ltr'>contingeret</span> <span class='ocrx_word' id='word_1_273' title='bbox 1035 4080 1222 4177; x_wconf 84' lang='lat' dir='ltr'>aliquando</span> <span class='ocrx_word' id='word_1_274' title='bbox 1240 4102 1362 4176; x_wconf 88' lang='lat' dir='ltr'>pacem</span> <span class='ocrx_word' id='word_1_275' title='bbox 1377 4082 1453 4157; x_wconf 65' lang='lat' dir='ltr'>vioss</span> 
     </span>
     <span class='ocr_line' id='line_1_34' title="bbox 260 4174 1454 4275; baseline 0.001 -26"><span class='ocrx_word' id='word_1_276' title='bbox 260 4180 331 4250; x_wconf 88' lang='lat' dir='ltr'>lare</span> <span class='ocrx_word' id='word_1_277' title='bbox 346 4198 469 4251; x_wconf 87' lang='lat' dir='ltr'>contra</span> <span class='ocrx_word' id='word_1_278' title='bbox 487 4175 689 4271; x_wconf 86' lang='lat' dir='ltr'>Principem</span> <span class='ocrx_word' id='word_1_279' title='bbox 706 4196 747 4251; x_wconf 88' lang='lat' dir='ltr'>ac</span> <span class='ocrx_word' id='word_1_280' title='bbox 767 4174 959 4249; x_wconf 88' lang='lat' dir='ltr'>Dominum</span> <span class='ocrx_word' id='word_1_281' title='bbox 978 4178 1101 4249; x_wconf 88' lang='lat' dir='ltr'>harum</span> <span class='ocrx_word' id='word_1_282' title='bbox 1117 4196 1287 4252; x_wconf 86' lang='lat' dir='ltr'>terrarum</span> <span class='ocrx_word' id='word_1_283' title='bbox 1302 4229 1313 4265; x_wconf 89' lang='lat'>,</span> <span class='ocrx_word' id='word_1_284' title='bbox 1338 4176 1454 4275; x_wconf 80' lang='lat' dir='ltr'>posito</span> 
     </span>
     <span class='ocr_line' id='line_1_35' title="bbox 261 4268 1454 4368; baseline -0.001 -24"><span class='ocrx_word' id='word_1_285' title='bbox 261 4270 390 4346; x_wconf 85' lang='lat' dir='ltr'>scilicet</span> <span class='ocrx_word' id='word_1_286' title='bbox 413 4270 513 4361; x_wconf 86' lang='lat' dir='ltr'>casu,</span> <span class='ocrx_word' id='word_1_287' title='bbox 538 4272 633 4366; x_wconf 91' lang='lat' dir='ltr'>quod</span> <span class='ocrx_word' id='word_1_288' title='bbox 659 4272 745 4345; x_wconf 83' lang='lat' dir='ltr'>alius</span> <span class='ocrx_word' id='word_1_289' title='bbox 777 4268 860 4346; x_wconf 87' lang='lat' dir='ltr'>esset</span> <span class='ocrx_word' id='word_1_290' title='bbox 883 4270 1101 4367; x_wconf 87' lang='lat' dir='ltr'>Imperator,</span> <span class='ocrx_word' id='word_1_291' title='bbox 1124 4272 1228 4368; x_wconf 75' lang='lat' dir='ltr'>quam</span> <span class='ocrx_word' id='word_1_292' title='bbox 1244 4275 1368 4349; x_wconf 85' lang='lat' dir='ltr'>harum</span> <span class='ocrx_word' id='word_1_293' title='bbox 1386 4293 1454 4345; x_wconf 90' lang='lat' dir='ltr'>ter·</span> 
     </span>
    </p>
   </div>
   <div class='ocr_carea' id='block_1_5' title="bbox 261 4366 1456 4559">
    <p class='ocr_par' dir='ltr' id='par_1_15' title="bbox 261 4366 1456 4559">
     <span class='ocr_line' id='line_1_36' title="bbox 261 4366 1452 4465; baseline -0.003 -23"><span class='ocrx_word' id='word_1_294' title='bbox 261 4390 378 4442; x_wconf 88' lang='lat' dir='ltr'>rarum</span> <span class='ocrx_word' id='word_1_295' title='bbox 401 4366 586 4448; x_wconf 83' lang='lat' dir='ltr'>Dominus.</span> <span class='ocrx_word' id='word_1_296' title='bbox 637 4366 695 4441; x_wconf 82' lang='lat' dir='ltr'>Eo</span> <span class='ocrx_word' id='word_1_297' title='bbox 719 4370 808 4445; x_wconf 82' lang='lat' dir='ltr'>vero</span> <span class='ocrx_word' id='word_1_298' title='bbox 833 4366 1023 4463; x_wconf 83' lang='lat' dir='ltr'>Imperium</span> <span class='ocrx_word' id='word_1_299' title='bbox 1041 4369 1247 4465; x_wconf 87' lang='lat' dir='ltr'>obtinente,</span> <span class='ocrx_word' id='word_1_300' title='bbox 1273 4369 1452 4448; x_wconf 82' lang='lat' dir='ltr'>absurdior</span> 
     </span>
     <span class='ocr_line' id='line_1_37' title="bbox 314 4457 1456 4559; baseline -0.003 -21"><span class='ocrx_word' id='word_1_301' title='bbox 314 4462 400 4538; x_wconf 82' lang='lat' dir='ltr'>Tum.</span> <span class='ocrx_word' id='word_1_302' title='bbox 419 4464 472 4536; x_wconf 85' lang='lat' dir='ltr'>ss.</span> <span class='ocrx_word' id='word_1_303' title='bbox 865 4464 934 4559; x_wconf 89' lang='lat' dir='ltr'>Yy</span> <span class='ocrx_word' id='word_1_304' title='bbox 1109 4501 1115 4507; x_wconf 92' lang='lat'><strong>·</strong></span> <span class='ocrx_word' id='word_1_305' title='bbox 1403 4457 1456 4535; x_wconf 83' lang='lat' dir='ltr'>est</span> 
     </span>
    </p>
   </div>
   <div class='ocr_carea' id='block_1_6' title="bbox 0 0 1997 5167">
    <p class='ocr_par' dir='ltr' id='par_1_16' title="bbox 0 0 1997 5167">
     <span class='ocr_line' id='line_1_38' title="bbox 0 0 1997 5167; baseline 0 0"><span class='ocrx_word' id='word_1_306' title='bbox 0 0 1997 5167; x_wconf 95' lang='lat' dir='ltr'> </span> 
     </span>
    </p>
   </div>
  </div>
 </body>
</html>
