<?xml version="1.0" encoding="UTF-8"?>
<!DOCTYPE html PUBLIC "-//W3C//DTD XHTML 1.0 Transitional//EN"
    "http://www.w3.org/TR/xhtml1/DTD/xhtml1-transitional.dtd">
<html xmlns="http://www.w3.org/1999/xhtml" xml:lang="en" lang="en">
 <head>
  <title>
</title>
<meta http-equiv="Content-Type" content="text/html;charset=utf-8" />
  <meta name='ocr-system' content='tesseract 3.04.00' />
  <meta name='ocr-capabilities' content='ocr_page ocr_carea ocr_par ocr_line ocrx_word'/>
</head>
<body>
  <div class='ocr_page' id='page_1' title='image "./vitavigliiabayt04papegoog_0153.png"; bbox 0 0 3967 5167; ppageno 0'>
   <div class='ocr_carea' id='block_1_1' title="bbox 561 520 1783 666">
    <p class='ocr_par' dir='ltr' id='par_1_1' title="bbox 561 520 1783 666">
     <span class='ocr_line' id='line_1_1' title="bbox 561 520 1783 666; baseline 0 -43"><span class='ocrx_word' id='word_1_1' title='bbox 561 555 643 645; x_wconf 76' lang='lat'>130</span> <span class='ocrx_word' id='word_1_2' title='bbox 669 520 910 625; x_wconf 85' lang='lat' dir='ltr'>VIGLll</span> <span class='ocrx_word' id='word_1_3' title='bbox 937 547 1004 616; x_wconf 79' lang='lat' dir='ltr'>aa</span> <span class='ocrx_word' id='word_1_4' title='bbox 1032 521 1294 620; x_wconf 85' lang='lat' dir='ltr'>AYTTA</span> <span class='ocrx_word' id='word_1_5' title='bbox 1322 521 1699 622; x_wconf 87' lang='lat' dir='ltr'><strong>ZUICHEMI</strong></span> <span class='ocrx_word' id='word_1_6' title='bbox 1779 657 1783 666; x_wconf 14' lang='grc' dir='ltr'><em>Α</em></span> 
     </span>
    </p>
   </div>
   <div class='ocr_carea' id='block_1_2' title="bbox 399 707 1895 4560">
    <p class='ocr_par' dir='ltr' id='par_1_2' title="bbox 399 699 1895 4560">
     <span class='ocr_line' id='line_1_2' title="bbox 559 707 1895 876; baseline 0.004 -90"><span class='ocrx_word' id='word_1_7' title='bbox 559 710 777 790; x_wconf 86' lang='lat' dir='ltr'>Ornatisstme</span> <span class='ocrx_word' id='word_1_8' title='bbox 802 710 989 792; x_wconf 80' lang='lat' dir='ltr'>Wsltlrrre,</span> <span class='ocrx_word' id='word_1_9' title='bbox 1015 729 1086 782; x_wconf 86' lang='lat' dir='ltr'>non</span> <span class='ocrx_word' id='word_1_10' title='bbox 1104 732 1177 804; x_wconf 84' lang='lat' dir='ltr'>quo</span> <span class='ocrx_word' id='word_1_11' title='bbox 1201 707 1265 785; x_wconf 82' lang='lat' dir='ltr'>tibi</span> <span class='ocrx_word' id='word_1_12' title='bbox 1287 731 1379 818; x_wconf 83' lang='lat' dir='ltr'>nunc</span> <span class='ocrx_word' id='word_1_13' title='bbox 1402 711 1556 876; x_wconf 56' lang='lat' dir='ltr'>grimuni</span> <span class='ocrx_word' id='word_1_14' title='bbox 1581 715 1757 806; x_wconf 80' lang='lat' dir='ltr'>gratuler,</span> <span class='ocrx_word' id='word_1_15' title='bbox 1890 707 1895 814; x_wconf 68' lang='lat' dir='ltr'>s</span> 
     </span>
     <span class='ocr_line' id='line_1_3' title="bbox 556 801 1895 903; baseline 0.001 -23"><span class='ocrx_word' id='word_1_16' title='bbox 556 805 616 882; x_wconf 86' lang='lat' dir='ltr'>sed</span> <span class='ocrx_word' id='word_1_17' title='bbox 632 833 704 903; x_wconf 87' lang='lat' dir='ltr'>quo</span> <span class='ocrx_word' id='word_1_18' title='bbox 720 810 914 902; x_wconf 85' lang='lat' dir='ltr'>pleniorem</span> <span class='ocrx_word' id='word_1_19' title='bbox 931 808 1087 900; x_wconf 77' lang='lat' dir='ltr'>aliquam</span> <span class='ocrx_word' id='word_1_20' title='bbox 1101 805 1220 900; x_wconf 87' lang='lat' dir='ltr'>gaudii</span> <span class='ocrx_word' id='word_1_21' title='bbox 1235 826 1305 878; x_wconf 86' lang='lat' dir='ltr'>ruer</span> <span class='ocrx_word' id='word_1_22' title='bbox 1325 801 1398 876; x_wconf 89' lang='lat' dir='ltr'>testi</span> <span class='ocrx_word' id='word_1_23' title='bbox 1427 807 1597 880; x_wconf 81' lang='lat' dir='ltr'>rationem</span> <span class='ocrx_word' id='word_1_24' title='bbox 1614 807 1679 882; x_wconf 89' lang='lat' dir='ltr'>tibi</span> <span class='ocrx_word' id='word_1_25' title='bbox 1697 836 1758 888; x_wconf 83' lang='lat' dir='ltr'>ex-</span> <span class='ocrx_word' id='word_1_26' title='bbox 1891 829 1895 849; x_wconf 62' lang='lat'>·‘</span> 
     </span>
     <span class='ocr_line' id='line_1_4' title="bbox 558 899 1895 998; baseline 0.001 -16"><span class='ocrx_word' id='word_1_27' title='bbox 558 903 718 988; x_wconf 70' lang='lat' dir='ltr'>noem.</span> <span class='ocrx_word' id='word_1_28' title='bbox 740 904 921 998; x_wconf 81' lang='lat' dir='ltr'>epistolam</span> <span class='ocrx_word' id='word_1_29' title='bbox 936 905 1029 978; x_wconf 87' lang='lat' dir='ltr'>hanc</span> <span class='ocrx_word' id='word_1_30' title='bbox 1046 902 1089 976; x_wconf 88' lang='lat' dir='ltr'>ad</span> <span class='ocrx_word' id='word_1_31' title='bbox 1109 923 1145 980; x_wconf 92' lang='lat' dir='ltr'>te</span> <span class='ocrx_word' id='word_1_32' title='bbox 1163 903 1275 974; x_wconf 85' lang='lat' dir='ltr'>mitto.</span> <span class='ocrx_word' id='word_1_33' title='bbox 1325 899 1430 998; x_wconf 83' lang='lat' dir='ltr'>Saepe</span> <span class='ocrx_word' id='word_1_34' title='bbox 1448 905 1672 978; x_wconf 88' lang='lat' dir='ltr'>enirncoram</span> <span class='ocrx_word' id='word_1_35' title='bbox 1691 909 1758 983; x_wconf 91' lang='lat' dir='ltr'>tibi</span> <span class='ocrx_word' id='word_1_36' title='bbox 1891 928 1895 953; x_wconf 83' lang='lat'>¹</span> 
     </span>
     <span class='ocr_line' id='line_1_5' title="bbox 559 991 1758 1092; baseline 0.001 -17"><span class='ocrx_word' id='word_1_37' title='bbox 559 1018 658 1082; x_wconf 82' lang='lat' dir='ltr'>antea</span> <span class='ocrx_word' id='word_1_38' title='bbox 673 1001 831 1085; x_wconf 75' lang='lat' dir='ltr'>ollandi,</span> <span class='ocrx_word' id='word_1_39' title='bbox 854 1021 960 1092; x_wconf 85' lang='lat' dir='ltr'>quatu</span> <span class='ocrx_word' id='word_1_40' title='bbox 976 997 1134 1076; x_wconf 74' lang='lat' dir='ltr'>laetitiam</span> <span class='ocrx_word' id='word_1_41' title='bbox 1149 999 1264 1072; x_wconf 86' lang='lat' dir='ltr'>animo</span> <span class='ocrx_word' id='word_1_42' title='bbox 1286 991 1539 1092; x_wconf 85' lang='lat' dir='ltr'>concepissem,</span> <span class='ocrx_word' id='word_1_43' title='bbox 1566 1003 1659 1092; x_wconf 92' lang='lat' dir='ltr'>quod</span> <span class='ocrx_word' id='word_1_44' title='bbox 1679 1005 1758 1076; x_wconf 87' lang='lat' dir='ltr'>diu·</span> 
     </span>
     <span class='ocr_line' id='line_1_6' title="bbox 558 1087 1894 1190; baseline -0.001 -17"><span class='ocrx_word' id='word_1_45' title='bbox 558 1116 681 1180; x_wconf 81' lang='lat' dir='ltr'>turuu,</span> <span class='ocrx_word' id='word_1_46' title='bbox 705 1095 919 1190; x_wconf 86' lang='lat' dir='ltr'>periculosa,</span> <span class='ocrx_word' id='word_1_47' title='bbox 944 1119 987 1172; x_wconf 90' lang='lat' dir='ltr'>ac</span> <span class='ocrx_word' id='word_1_48' title='bbox 1013 1087 1147 1168; x_wconf 85' lang='lat' dir='ltr'>difficili</span> <span class='ocrx_word' id='word_1_49' title='bbox 1171 1095 1450 1190; x_wconf 86' lang='lat' dir='ltr'>peregrinatione</span> <span class='ocrx_word' id='word_1_50' title='bbox 1489 1091 1688 1172; x_wconf 70' lang='lat' dir='ltr'>defunctum</span> <span class='ocrx_word' id='word_1_51' title='bbox 1715 1123 1758 1176; x_wconf 91' lang='lat' dir='ltr'>ac</span> <span class='ocrx_word' id='word_1_52' title='bbox 1893 1165 1894 1190; x_wconf 37' lang='lat'>2</span> 
     </span>
     <span class='ocr_line' id='line_1_7' title="bbox 557 1189 1894 1270; baseline 0 0"><span class='ocrx_word' id='word_1_53' title='bbox 557 1191 768 1270; x_wconf 82' lang='lat' dir='ltr'>incolumem</span> <span class='ocrx_word' id='word_1_54' title='bbox 787 1197 927 1269; x_wconf 86' lang='lat' dir='ltr'>taudem</span> <span class='ocrx_word' id='word_1_55' title='bbox 944 1211 981 1268; x_wconf 85' lang='lat' dir='ltr'>te</span> <span class='ocrx_word' id='word_1_56' title='bbox 996 1191 1096 1266; x_wconf 87' lang='lat' dir='ltr'>nubis</span> <span class='ocrx_word' id='word_1_57' title='bbox 1116 1189 1307 1266; x_wconf 84' lang='lat' dir='ltr'>restitutum</span> <span class='ocrx_word' id='word_1_58' title='bbox 1329 1213 1515 1264; x_wconf 86' lang='lat' dir='ltr'>cernerem.</span> <span class='ocrx_word' id='word_1_59' title='bbox 1568 1192 1759 1270; x_wconf 86' lang='lat' dir='ltr'>Consenta-</span> <span class='ocrx_word' id='word_1_60' title='bbox 1893 1195 1894 1198; x_wconf 60' lang='lat'>‘</span> 
     </span>
     <span class='ocr_line' id='line_1_8' title="bbox 558 1287 1894 1381; baseline 0.002 -17"><span class='ocrx_word' id='word_1_61' title='bbox 558 1308 663 1364; x_wconf 79' lang='lat' dir='ltr'>neum</span> <span class='ocrx_word' id='word_1_62' title='bbox 682 1305 797 1363; x_wconf 89' lang='lat' dir='ltr'>autern</span> <span class='ocrx_word' id='word_1_63' title='bbox 821 1289 886 1372; x_wconf 88' lang='lat' dir='ltr'>est,</span> <span class='ocrx_word' id='word_1_64' title='bbox 919 1304 959 1360; x_wconf 90' lang='lat' dir='ltr'>ut</span> <span class='ocrx_word' id='word_1_65' title='bbox 982 1307 1116 1379; x_wconf 89' lang='lat' dir='ltr'>quanto</span> <span class='ocrx_word' id='word_1_66' title='bbox 1142 1289 1306 1380; x_wconf 88' lang='lat' dir='ltr'>majorem</span> <span class='ocrx_word' id='word_1_67' title='bbox 1332 1287 1598 1381; x_wconf 83' lang='lat' dir='ltr'>longioremque</span> <span class='ocrx_word' id='word_1_68' title='bbox 1627 1293 1671 1368; x_wconf 88' lang='lat' dir='ltr'>de</span> <span class='ocrx_word' id='word_1_69' title='bbox 1697 1312 1759 1367; x_wconf 91' lang='lat' dir='ltr'>tua</span> <span class='ocrx_word' id='word_1_70' title='bbox 1893 1309 1894 1314; x_wconf 76' lang='grc'>’</span> 
     </span>
     <span class='ocr_line' id='line_1_9' title="bbox 557 1380 1758 1468; baseline 0.003 -8"><span class='ocrx_word' id='word_1_71' title='bbox 557 1380 668 1462; x_wconf 84' lang='lat' dir='ltr'>salute</span> <span class='ocrx_word' id='word_1_72' title='bbox 683 1404 814 1461; x_wconf 86' lang='lat' dir='ltr'>metum</span> <span class='ocrx_word' id='word_1_73' title='bbox 834 1383 1075 1468; x_wconf 89' lang='lat' dir='ltr'>sustinuimus,</span> <span class='ocrx_word' id='word_1_74' title='bbox 1099 1401 1196 1456; x_wconf 88' lang='lat' dir='ltr'>tanto</span> <span class='ocrx_word' id='word_1_75' title='bbox 1231 1383 1334 1454; x_wconf 88' lang='lat' dir='ltr'>etiarn</span> <span class='ocrx_word' id='word_1_76' title='bbox 1358 1383 1519 1456; x_wconf 85' lang='lat' dir='ltr'>uberiore</span> <span class='ocrx_word' id='word_1_77' title='bbox 1542 1385 1673 1458; x_wconf 89' lang='lat' dir='ltr'>reditus</span> <span class='ocrx_word' id='word_1_78' title='bbox 1705 1392 1758 1464; x_wconf 92' lang='lat' dir='ltr'>tui</span> 
     </span>
     <span class='ocr_line' id='line_1_10' title="bbox 560 1475 1758 1576; baseline 0.005 -20"><span class='ocrx_word' id='word_1_79' title='bbox 560 1476 666 1565; x_wconf 80' lang='lat' dir='ltr'>salui,</span> <span class='ocrx_word' id='word_1_80' title='bbox 689 1481 875 1576; x_wconf 81' lang='lat' dir='ltr'>uoluptate</span> <span class='ocrx_word' id='word_1_81' title='bbox 891 1475 1122 1576; x_wconf 80' lang='lat' dir='ltr'>perfruamur.</span> <span class='ocrx_word' id='word_1_82' title='bbox 1172 1475 1256 1554; x_wconf 86' lang='lat' dir='ltr'>Heu</span> <span class='ocrx_word' id='word_1_83' title='bbox 1270 1477 1409 1572; x_wconf 83' lang='lat' dir='ltr'>quoties</span> <span class='ocrx_word' id='word_1_84' title='bbox 1425 1500 1463 1554; x_wconf 89' lang='lat' dir='ltr'>tu</span> <span class='ocrx_word' id='word_1_85' title='bbox 1480 1477 1580 1554; x_wconf 85' lang='lat' dir='ltr'>nobis</span> <span class='ocrx_word' id='word_1_86' title='bbox 1592 1477 1758 1562; x_wconf 72' lang='lat' dir='ltr'>fluelibua</span> 
     </span>
     <span class='ocr_line' id='line_1_11' title="bbox 560 1571 1893 1670; baseline 0.006 -22"><span class='ocrx_word' id='word_1_87' title='bbox 560 1575 709 1653; x_wconf 82' lang='lat' dir='ltr'>obrutus</span> <span class='ocrx_word' id='word_1_88' title='bbox 728 1575 967 1664; x_wconf 71' lang='lat' dir='ltr'>nunciabant.</span> <span class='ocrx_word' id='word_1_89' title='bbox 990 1574 1094 1668; x_wconf 77' lang='lat' dir='ltr'>quan</span> <span class='ocrx_word' id='word_1_90' title='bbox 1109 1575 1212 1668; x_wconf 86' lang='lat' dir='ltr'>plena</span> <span class='ocrx_word' id='word_1_91' title='bbox 1236 1571 1384 1670; x_wconf 85' lang='lat' dir='ltr'>suspiriis</span> <span class='ocrx_word' id='word_1_92' title='bbox 1402 1596 1521 1648; x_wconf 86' lang='lat' dir='ltr'>mutua</span> <span class='ocrx_word' id='word_1_93' title='bbox 1544 1578 1588 1650; x_wconf 91' lang='lat' dir='ltr'>de</span> <span class='ocrx_word' id='word_1_94' title='bbox 1614 1597 1648 1650; x_wconf 89' lang='lat' dir='ltr'>te</span> <span class='ocrx_word' id='word_1_95' title='bbox 1672 1584 1757 1656; x_wconf 87' lang='lat' dir='ltr'>ami·</span> <span class='ocrx_word' id='word_1_96' title='bbox 1892 1574 1893 1612; x_wconf 71' lang='lat'>³</span> 
     </span>
     <span class='ocr_line' id='line_1_12' title="bbox 560 1667 1893 1770; baseline 0.004 -24"><span class='ocrx_word' id='word_1_97' title='bbox 560 1691 684 1750; x_wconf 78' lang='lat' dir='ltr'>corum</span> <span class='ocrx_word' id='word_1_98' title='bbox 700 1673 905 1765; x_wconf 76' lang='lat' dir='ltr'>colloquia?</span> <span class='ocrx_word' id='word_1_99' title='bbox 926 1695 972 1748; x_wconf 88' lang='lat' dir='ltr'>an</span> <span class='ocrx_word' id='word_1_100' title='bbox 995 1667 1173 1766; x_wconf 82' lang='lat' dir='ltr'>quisquam</span> <span class='ocrx_word' id='word_1_101' title='bbox 1199 1669 1304 1766; x_wconf 85' lang='lat' dir='ltr'>igitur</span> <span class='ocrx_word' id='word_1_102' title='bbox 1322 1693 1461 1766; x_wconf 89' lang='lat' dir='ltr'>aequum</span> <span class='ocrx_word' id='word_1_103' title='bbox 1483 1669 1548 1744; x_wconf 82' lang='lat' dir='ltr'>else</span> <span class='ocrx_word' id='word_1_104' title='bbox 1566 1695 1690 1770; x_wconf 83' lang='lat' dir='ltr'>neget,</span> <span class='ocrx_word' id='word_1_105' title='bbox 1714 1699 1757 1754; x_wconf 91' lang='lat' dir='ltr'>ur</span> <span class='ocrx_word' id='word_1_106' title='bbox 1892 1736 1893 1764; x_wconf 60' lang='lat'>,</span> 
     </span>
     <span class='ocr_line' id='line_1_13' title="bbox 562 1763 1893 1866; baseline 0.002 -22"><span class='ocrx_word' id='word_1_107' title='bbox 562 1767 750 1864; x_wconf 89' lang='lat' dir='ltr'>&amp;gaudio</span> <span class='ocrx_word' id='word_1_108' title='bbox 772 1767 914 1841; x_wconf 85' lang='lat' dir='ltr'>vicissim</span> <span class='ocrx_word' id='word_1_109' title='bbox 936 1763 1124 1861; x_wconf 87' lang='lat' dir='ltr'>impensrus</span> <span class='ocrx_word' id='word_1_110' title='bbox 1159 1769 1417 1861; x_wconf 82' lang='lat' dir='ltr'>indulgeamus,</span> <span class='ocrx_word' id='word_1_111' title='bbox 1444 1769 1627 1862; x_wconf 84' lang='lat' dir='ltr'>postquam</span> <span class='ocrx_word' id='word_1_112' title='bbox 1652 1773 1759 1846; x_wconf 87' lang='lat' dir='ltr'>animi</span> <span class='ocrx_word' id='word_1_113' title='bbox 1892 1855 1893 1866; x_wconf 15' lang='lat' dir='ltr'>q</span> 
     </span>
     <span class='ocr_line' id='line_1_14' title="bbox 561 1859 1893 1956; baseline 0.005 -20"><span class='ocrx_word' id='word_1_114' title='bbox 561 1885 697 1936; x_wconf 89' lang='lat' dir='ltr'>ametu</span> <span class='ocrx_word' id='word_1_115' title='bbox 725 1865 763 1936; x_wconf 79' lang='grc' dir='ltr'>δι</span> <span class='ocrx_word' id='word_1_116' title='bbox 795 1859 891 1936; x_wconf 73' lang='lat' dir='ltr'>luein</span> <span class='ocrx_word' id='word_1_117' title='bbox 910 1882 953 1948; x_wconf 81' lang='lat' dir='ltr'>,te</span> <span class='ocrx_word' id='word_1_118' title='bbox 977 1863 1138 1936; x_wconf 88' lang='lat' dir='ltr'>restituto</span> <span class='ocrx_word' id='word_1_119' title='bbox 1166 1859 1470 1956; x_wconf 79' lang='lat' dir='ltr'>conquieverunt?</span> <span class='ocrx_word' id='word_1_120' title='bbox 1494 1864 1621 1938; x_wconf 89' lang='lat' dir='ltr'>Nostra</span> <span class='ocrx_word' id='word_1_121' title='bbox 1653 1871 1758 1942; x_wconf 89' lang='lat' dir='ltr'>etiam</span> <span class='ocrx_word' id='word_1_122' title='bbox 1892 1877 1893 1900; x_wconf 69' lang='lat'>¹</span> 
     </span>
     <span class='ocr_line' id='line_1_15' title="bbox 453 1957 1892 2054; baseline 0.005 -22"><span class='ocrx_word' id='word_1_123' title='bbox 453 2004 472 2014; x_wconf 86' lang='lat'>--</span> <span class='ocrx_word' id='word_1_124' title='bbox 556 1961 733 2044; x_wconf 79' lang='lat' dir='ltr'>amicitia,</span> <span class='ocrx_word' id='word_1_125' title='bbox 757 1957 944 2035; x_wconf 81' lang='lat' dir='ltr'>charissime</span> <span class='ocrx_word' id='word_1_126' title='bbox 961 1957 1148 2043; x_wconf 84' lang='lat' dir='ltr'>Wilhelme,</span> <span class='ocrx_word' id='word_1_127' title='bbox 1167 1957 1338 2053; x_wconf 87' lang='lat' dir='ltr'>postulare</span> <span class='ocrx_word' id='word_1_128' title='bbox 1355 1957 1755 2054; x_wconf 88' lang='lat' dir='ltr'>hocofficiumvidetur,</span> <span class='ocrx_word' id='word_1_129' title='bbox 1891 1959 1892 1966; x_wconf 58' lang='lat'><em>&#39;</em></span> 
     </span>
     <span class='ocr_line' id='line_1_16' title="bbox 560 2053 1892 2152; baseline 0.007 -25"><span class='ocrx_word' id='word_1_130' title='bbox 560 2074 603 2128; x_wconf 89' lang='lat' dir='ltr'>ut</span> <span class='ocrx_word' id='word_1_131' title='bbox 619 2074 880 2135; x_wconf 76' lang='lat' dir='ltr'>monumentum</span> <span class='ocrx_word' id='word_1_132' title='bbox 896 2053 967 2132; x_wconf 89' lang='lat' dir='ltr'>sive</span> <span class='ocrx_word' id='word_1_133' title='bbox 995 2055 1226 2130; x_wconf 82' lang='lat' dir='ltr'>testimonium</span> <span class='ocrx_word' id='word_1_134' title='bbox 1248 2053 1393 2150; x_wconf 87' lang='lat' dir='ltr'>aliquod</span> <span class='ocrx_word' id='word_1_135' title='bbox 1416 2055 1480 2130; x_wconf 89' lang='lat' dir='ltr'>tibi</span> <span class='ocrx_word' id='word_1_136' title='bbox 1504 2059 1757 2152; x_wconf 79' lang='lat' dir='ltr'>relinquamur,</span> <span class='ocrx_word' id='word_1_137' title='bbox 1891 2126 1892 2148; x_wconf 55' lang='lat'>,</span> 
     </span>
     <span class='ocr_line' id='line_1_17' title="bbox 562 2147 1892 2251; baseline 0.003 -27"><span class='ocrx_word' id='word_1_138' title='bbox 562 2151 656 2227; x_wconf 88' lang='lat' dir='ltr'>unde</span> <span class='ocrx_word' id='word_1_139' title='bbox 680 2152 833 2228; x_wconf 87' lang='lat' dir='ltr'>nostrum</span> <span class='ocrx_word' id='word_1_140' title='bbox 857 2152 894 2226; x_wconf 91' lang='lat' dir='ltr'>in</span> <span class='ocrx_word' id='word_1_141' title='bbox 918 2173 954 2225; x_wconf 90' lang='lat' dir='ltr'>te</span> <span class='ocrx_word' id='word_1_142' title='bbox 989 2147 1151 2224; x_wconf 76' lang='lat' dir='ltr'>effessum</span> <span class='ocrx_word' id='word_1_143' title='bbox 1176 2147 1343 2240; x_wconf 87' lang='lat' dir='ltr'>aestimes,</span> <span class='ocrx_word' id='word_1_144' title='bbox 1379 2175 1419 2224; x_wconf 92' lang='lat' dir='ltr'>ac</span> <span class='ocrx_word' id='word_1_145' title='bbox 1444 2173 1480 2224; x_wconf 92' lang='lat' dir='ltr'>te</span> <span class='ocrx_word' id='word_1_146' title='bbox 1513 2151 1658 2230; x_wconf 86' lang='lat' dir='ltr'>subinde</span> <span class='ocrx_word' id='word_1_147' title='bbox 1682 2157 1756 2251; x_wconf 89' lang='lat' dir='ltr'>ipse</span> <span class='ocrx_word' id='word_1_148' title='bbox 1891 2161 1892 2228; x_wconf 76' lang='lat' dir='ltr'>l</span> 
     </span>
     <span class='ocr_line' id='line_1_18' title="bbox 561 2243 1757 2329; baseline 0.001 -1"><span class='ocrx_word' id='word_1_149' title='bbox 561 2271 680 2328; x_wconf 77' lang='lat' dir='ltr'>rerum</span> <span class='ocrx_word' id='word_1_150' title='bbox 703 2270 840 2329; x_wconf 81' lang='lat' dir='ltr'>tuarum</span> <span class='ocrx_word' id='word_1_151' title='bbox 878 2250 1043 2324; x_wconf 86' lang='lat' dir='ltr'>memoria</span> <span class='ocrx_word' id='word_1_152' title='bbox 1088 2269 1222 2324; x_wconf 83' lang='lat' dir='ltr'>recrees</span> <span class='ocrx_word' id='word_1_153' title='bbox 1252 2243 1291 2320; x_wconf 72' lang='grc' dir='ltr'><strong>ἃ</strong></span> <span class='ocrx_word' id='word_1_154' title='bbox 1324 2243 1487 2324; x_wconf 74' lang='lat' dir='ltr'>obsesses.</span> <span class='ocrx_word' id='word_1_155' title='bbox 1538 2247 1757 2328; x_wconf 87' lang='lat' dir='ltr'>Naturaliter</span> 
     </span>
     <span class='ocr_line' id='line_1_19' title="bbox 399 2343 1892 2444; baseline -0.001 -22"><span class='ocrx_word' id='word_1_156' title='bbox 399 2406 401 2413; x_wconf 92' lang='lat'><em>.</em></span> <span class='ocrx_word' id='word_1_157' title='bbox 482 2347 486 2354; x_wconf 81' lang='grc'><strong>’</strong></span> <span class='ocrx_word' id='word_1_158' title='bbox 587 2349 695 2444; x_wconf 88' lang='lat' dir='ltr'>uippe</span> <span class='ocrx_word' id='word_1_159' title='bbox 713 2343 978 2439; x_wconf 71' lang='lat' dir='ltr'>evenit,ut,ipfi</span> <span class='ocrx_word' id='word_1_160' title='bbox 999 2347 1211 2430; x_wconf 86' lang='lat' dir='ltr'>exultemus,</span> <span class='ocrx_word' id='word_1_161' title='bbox 1236 2343 1316 2419; x_wconf 88' lang='lat' dir='ltr'>dum</span> <span class='ocrx_word' id='word_1_162' title='bbox 1334 2343 1535 2417; x_wconf 87' lang='lat' dir='ltr'>aliorumde</span> <span class='ocrx_word' id='word_1_163' title='bbox 1551 2347 1653 2420; x_wconf 88' lang='lat' dir='ltr'>nobis</span> <span class='ocrx_word' id='word_1_164' title='bbox 1697 2373 1756 2422; x_wconf 88' lang='lat' dir='ltr'>au·</span> <span class='ocrx_word' id='word_1_165' title='bbox 1809 2399 1823 2428; x_wconf 87' lang='lat'><strong>.</strong></span> <span class='ocrx_word' id='word_1_166' title='bbox 1891 2355 1892 2431; x_wconf 84' lang='lat' dir='ltr'>j</span> 
     </span>
     <span class='ocr_line' id='line_1_20' title="bbox 457 2370 1755 2541; baseline 0.003 -25"><span class='ocrx_word' id='word_1_167' title='bbox 457 2472 461 2482; x_wconf 59' lang='grc'>’</span> <span class='ocrx_word' id='word_1_168' title='bbox 560 2370 657 2520; x_wconf 57' lang='lat' dir='ltr'>sium</span> <span class='ocrx_word' id='word_1_169' title='bbox 673 2441 736 2540; x_wconf 75' lang='lat' dir='ltr'>ipsi</span> <span class='ocrx_word' id='word_1_170' title='bbox 751 2439 1003 2541; x_wconf 84' lang='lat' dir='ltr'>perspicimur,</span> <span class='ocrx_word' id='word_1_171' title='bbox 1029 2441 1067 2516; x_wconf 92' lang='lat'>&amp;</span> <span class='ocrx_word' id='word_1_172' title='bbox 1100 2441 1358 2536; x_wconf 74' lang='lat' dir='ltr'>preteritorum</span> <span class='ocrx_word' id='word_1_173' title='bbox 1381 2439 1538 2515; x_wconf 87' lang='lat' dir='ltr'>laborum</span> <span class='ocrx_word' id='word_1_174' title='bbox 1569 2375 1755 2521; x_wconf 71' lang='lat' dir='ltr'>dulcissima</span> 
     </span>
     <span class='ocr_line' id='line_1_21' title="bbox 562 2534 1756 2638; baseline 0.004 -27"><span class='ocrx_word' id='word_1_175' title='bbox 562 2540 761 2612; x_wconf 80' lang='lat' dir='ltr'>recordatio</span> <span class='ocrx_word' id='word_1_176' title='bbox 784 2534 850 2610; x_wconf 87' lang='lat' dir='ltr'>else</span> <span class='ocrx_word' id='word_1_177' title='bbox 877 2535 974 2612; x_wconf 91' lang='lat' dir='ltr'>solet.</span> <span class='ocrx_word' id='word_1_178' title='bbox 1025 2535 1143 2611; x_wconf 78' lang='lat' dir='ltr'>Nobis</span> <span class='ocrx_word' id='word_1_179' title='bbox 1173 2559 1286 2610; x_wconf 88' lang='lat' dir='ltr'>autern</span> <span class='ocrx_word' id='word_1_180' title='bbox 1310 2553 1410 2610; x_wconf 88' lang='lat' dir='ltr'>tanto</span> <span class='ocrx_word' id='word_1_181' title='bbox 1433 2539 1545 2632; x_wconf 86' lang='lat' dir='ltr'>major</span> <span class='ocrx_word' id='word_1_182' title='bbox 1564 2538 1756 2638; x_wconf 75' lang='lat' dir='ltr'>justiorque</span> 
     </span>
     <span class='ocr_line' id='line_1_22' title="bbox 562 2631 1756 2732; baseline 0.003 -23"><span class='ocrx_word' id='word_1_183' title='bbox 562 2634 612 2708; x_wconf 87' lang='lat' dir='ltr'>est</span> <span class='ocrx_word' id='word_1_184' title='bbox 627 2635 824 2732; x_wconf 84' lang='lat' dir='ltr'>graurlandi</span> <span class='ocrx_word' id='word_1_185' title='bbox 839 2631 998 2717; x_wconf 75' lang='lat' dir='ltr'>occaso,</span> <span class='ocrx_word' id='word_1_186' title='bbox 1023 2633 1237 2730; x_wconf 88' lang='lat' dir='ltr'>quanto-tibi</span> <span class='ocrx_word' id='word_1_187' title='bbox 1255 2633 1429 2708; x_wconf 84' lang='lat' dir='ltr'>honestior</span> <span class='ocrx_word' id='word_1_188' title='bbox 1444 2631 1512 2708; x_wconf 86' lang='lat' dir='ltr'>fuit</span> <span class='ocrx_word' id='word_1_189' title='bbox 1527 2631 1677 2732; x_wconf 88' lang='lat' dir='ltr'>suscepti</span> <span class='ocrx_word' id='word_1_190' title='bbox 1706 2658 1756 2712; x_wconf 91' lang='lat' dir='ltr'>at·</span> 
     </span>
     <span class='ocr_line' id='line_1_23' title="bbox 563 2726 1778 2825; baseline 0 -17"><span class='ocrx_word' id='word_1_191' title='bbox 563 2735 638 2825; x_wconf 81' lang='lat' dir='ltr'>que&#39;</span> <span class='ocrx_word' id='word_1_192' title='bbox 650 2732 788 2810; x_wconf 75' lang='lat' dir='ltr'>executi</span> <span class='ocrx_word' id='word_1_193' title='bbox 800 2727 951 2818; x_wconf 81' lang='lat' dir='ltr'>cousrlir&#39;,</span> <span class='ocrx_word' id='word_1_194' title='bbox 973 2731 1120 2823; x_wconf 87' lang='lat' dir='ltr'>votique</span> <span class='ocrx_word' id='word_1_195' title='bbox 1145 2726 1255 2806; x_wconf 78' lang='lat' dir='ltr'>causa</span> <span class='ocrx_word' id='word_1_196' title='bbox 1307 2727 1346 2802; x_wconf 93' lang='lat' dir='ltr'>Si</span> <span class='ocrx_word' id='word_1_197' title='bbox 1364 2729 1442 2823; x_wconf 89' lang='lat' dir='ltr'>quis</span> <span class='ocrx_word' id='word_1_198' title='bbox 1459 2752 1503 2802; x_wconf 84' lang='lat' dir='ltr'>ex</span> <span class='ocrx_word' id='word_1_199' title='bbox 1525 2729 1619 2808; x_wconf 89' lang='lat' dir='ltr'>bello</span> <span class='ocrx_word' id='word_1_200' title='bbox 1637 2735 1778 2820; x_wconf 69' lang='lat' dir='ltr'>mileu,e</span> 
     </span>
     <span class='ocr_line' id='line_1_24' title="bbox 564 2826 1894 2926; baseline -0.001 -20"><span class='ocrx_word' id='word_1_201' title='bbox 564 2848 608 2906; x_wconf 77' lang='lat' dir='ltr'>ex</span> <span class='ocrx_word' id='word_1_202' title='bbox 630 2826 855 2903; x_wconf 78' lang='lat' dir='ltr'>uansmarina</span> <span class='ocrx_word' id='word_1_203' title='bbox 879 2827 1021 2926; x_wconf 85' lang='lat' dir='ltr'>regione</span> <span class='ocrx_word' id='word_1_204' title='bbox 1047 2847 1247 2914; x_wconf 88' lang='lat' dir='ltr'>mercator,</span> <span class='ocrx_word' id='word_1_205' title='bbox 1281 2847 1325 2899; x_wconf 82' lang='lat' dir='ltr'>ex</span> <span class='ocrx_word' id='word_1_206' title='bbox 1351 2826 1542 2922; x_wconf 87' lang='lat' dir='ltr'>longingua</span> <span class='ocrx_word' id='word_1_207' title='bbox 1567 2829 1761 2907; x_wconf 83' lang='lat' dir='ltr'>Academia</span> <span class='ocrx_word' id='word_1_208' title='bbox 1893 2869 1894 2912; x_wconf 74' lang='lat'><em>÷</em></span> 
     </span>
     <span class='ocr_line' id='line_1_25' title="bbox 563 2915 1758 3020; baseline 0 -20"><span class='ocrx_word' id='word_1_209' title='bbox 563 2918 757 3016; x_wconf 76' lang='lat' dir='ltr'>discipline</span> <span class='ocrx_word' id='word_1_210' title='bbox 777 2920 974 3008; x_wconf 82' lang='lat' dir='ltr'>studiosur‚</span> <span class='ocrx_word' id='word_1_211' title='bbox 1006 2921 1049 2999; x_wconf 88' lang='lat' dir='ltr'>ab</span> <span class='ocrx_word' id='word_1_212' title='bbox 1074 2921 1223 2998; x_wconf 90' lang='lat' dir='ltr'>barbaro</span> <span class='ocrx_word' id='word_1_213' title='bbox 1247 2915 1346 3017; x_wconf 84' lang='lat' dir='ltr'>Rege</span> <span class='ocrx_word' id='word_1_214' title='bbox 1371 2925 1552 3018; x_wconf 91' lang='lat' dir='ltr'>populove</span> <span class='ocrx_word' id='word_1_215' title='bbox 1581 2927 1758 3020; x_wconf 86' lang='lat' dir='ltr'>legatione</span> 
     </span>
     <span class='ocr_line' id='line_1_26' title="bbox 563 3015 1894 3118; baseline 0.004 -26"><span class='ocrx_word' id='word_1_216' title='bbox 563 3015 725 3104; x_wconf 77' lang='lat' dir='ltr'>sunslus,</span> <span class='ocrx_word' id='word_1_217' title='bbox 750 3018 885 3106; x_wconf 91' lang='lat' dir='ltr'>redeat,</span> <span class='ocrx_word' id='word_1_218' title='bbox 903 3019 965 3114; x_wconf 93' lang='lat' dir='ltr'>qui</span> <span class='ocrx_word' id='word_1_219' title='bbox 982 3019 1055 3091; x_wconf 89' lang='lat' dir='ltr'>illic</span> <span class='ocrx_word' id='word_1_220' title='bbox 1072 3023 1278 3116; x_wconf 87' lang='lat' dir='ltr'>complexus</span> <span class='ocrx_word' id='word_1_221' title='bbox 1306 3038 1511 3113; x_wconf 87' lang='lat' dir='ltr'>parentum,</span> <span class='ocrx_word' id='word_1_222' title='bbox 1537 3025 1761 3118; x_wconf 86' lang='lat' dir='ltr'>propinquo·</span> <span class='ocrx_word' id='word_1_223' title='bbox 1893 3035 1894 3042; x_wconf 78' lang='grc'>’</span> 
     </span>
     <span class='ocr_line' id='line_1_27' title="bbox 564 3112 1759 3212; baseline 0.004 -24"><span class='ocrx_word' id='word_1_224' title='bbox 564 3137 661 3200; x_wconf 88' lang='lat' dir='ltr'>rum,</span> <span class='ocrx_word' id='word_1_225' title='bbox 688 3112 875 3202; x_wconf 87' lang='lat' dir='ltr'>sodalium,</span> <span class='ocrx_word' id='word_1_226' title='bbox 899 3118 1184 3208; x_wconf 70' lang='lat' dir='ltr'>amicorumque?</span> <span class='ocrx_word' id='word_1_227' title='bbox 1198 3113 1254 3187; x_wconf 83' lang='lat' dir='ltr'>Ac·</span> <span class='ocrx_word' id='word_1_228' title='bbox 1269 3135 1338 3185; x_wconf 90' lang='lat' dir='ltr'>tam</span> <span class='ocrx_word' id='word_1_229' title='bbox 1348 3113 1551 3206; x_wconf 86' lang='lat' dir='ltr'>periculosae</span> <span class='ocrx_word' id='word_1_230' title='bbox 1568 3117 1759 3212; x_wconf 67' lang='lat' dir='ltr'>prosectio-</span> 
     </span>
     <span class='ocr_line' id='line_1_28' title="bbox 565 3209 1758 3307; baseline 0.005 -24"><span class='ocrx_word' id='word_1_231' title='bbox 565 3212 618 3288; x_wconf 91' lang='lat' dir='ltr'>nis</span> <span class='ocrx_word' id='word_1_232' title='bbox 641 3209 855 3305; x_wconf 78' lang='lat' dir='ltr'>difficilisque</span> <span class='ocrx_word' id='word_1_233' title='bbox 870 3211 1023 3296; x_wconf 85' lang='lat' dir='ltr'>itineris,</span> <span class='ocrx_word' id='word_1_234' title='bbox 1048 3231 1127 3307; x_wconf 84' lang='lat' dir='ltr'>quae</span> <span class='ocrx_word' id='word_1_235' title='bbox 1138 3211 1246 3304; x_wconf 81' lang='lat' dir='ltr'>magia</span> <span class='ocrx_word' id='word_1_236' title='bbox 1257 3211 1373 3304; x_wconf 83' lang='lat' dir='ltr'>gravis</span> <span class='ocrx_word' id='word_1_237' title='bbox 1392 3214 1449 3282; x_wconf 91' lang='lat' dir='ltr'>vel</span> <span class='ocrx_word' id='word_1_238' title='bbox 1465 3213 1647 3286; x_wconf 85' lang='lat' dir='ltr'>laudabilis</span> <span class='ocrx_word' id='word_1_239' title='bbox 1657 3215 1758 3289; x_wconf 90' lang='lat' dir='ltr'>causa</span> 
     </span>
     <span class='ocr_line' id='line_1_29' title="bbox 565 3304 1759 3406; baseline 0.004 -28"><span class='ocrx_word' id='word_1_240' title='bbox 565 3306 739 3400; x_wconf 86' lang='lat' dir='ltr'>proferri,</span> <span class='ocrx_word' id='word_1_241' title='bbox 768 3309 1004 3403; x_wconf 85' lang='lat' dir='ltr'>excogitative</span> <span class='ocrx_word' id='word_1_242' title='bbox 1032 3307 1151 3406; x_wconf 83' lang='lat' dir='ltr'>possit,</span> <span class='ocrx_word' id='word_1_243' title='bbox 1177 3306 1282 3400; x_wconf 73' lang='lat' dir='ltr'>quim</span> <span class='ocrx_word' id='word_1_244' title='bbox 1304 3304 1353 3378; x_wconf 89' lang='lat' dir='ltr'>est</span> <span class='ocrx_word' id='word_1_245' title='bbox 1372 3328 1436 3394; x_wconf 88' lang='lat' dir='ltr'>ea,</span> <span class='ocrx_word' id='word_1_246' title='bbox 1462 3329 1540 3402; x_wconf 86' lang='lat' dir='ltr'>quae</span> <span class='ocrx_word' id='word_1_247' title='bbox 1560 3328 1594 3384; x_wconf 91' lang='lat' dir='ltr'>te</span> <span class='ocrx_word' id='word_1_248' title='bbox 1618 3313 1759 3384; x_wconf 72' lang='lat' dir='ltr'>movit?</span> 
     </span>
     <span class='ocr_line' id='line_1_30' title="bbox 564 3399 1760 3500; baseline 0.007 -26"><span class='ocrx_word' id='word_1_249' title='bbox 564 3402 741 3481; x_wconf 76' lang='lat' dir='ltr'>Videlicet</span> <span class='ocrx_word' id='word_1_250' title='bbox 759 3427 798 3477; x_wconf 92' lang='lat' dir='ltr'>ut</span> <span class='ocrx_word' id='word_1_251' title='bbox 819 3401 1066 3482; x_wconf 78' lang='lat' dir='ltr'>sacrosanstum</span> <span class='ocrx_word' id='word_1_252' title='bbox 1085 3401 1235 3478; x_wconf 87' lang='lat' dir='ltr'>Domini</span> <span class='ocrx_word' id='word_1_253' title='bbox 1254 3399 1475 3500; x_wconf 86' lang='lat' dir='ltr'>sepulchrum</span> <span class='ocrx_word' id='word_1_254' title='bbox 1492 3401 1642 3492; x_wconf 87' lang='lat' dir='ltr'>viseres,</span> <span class='ocrx_word' id='word_1_255' title='bbox 1668 3407 1706 3481; x_wconf 78' lang='grc' dir='ltr'>δι</span> <span class='ocrx_word' id='word_1_256' title='bbox 1718 3431 1760 3482; x_wconf 83' lang='lat' dir='ltr'>ea</span> 
     </span>
     <span class='ocr_line' id='line_1_31' title="bbox 564 3497 1759 3600; baseline -0.002 -22"><span class='ocrx_word' id='word_1_257' title='bbox 564 3502 644 3578; x_wconf 85' lang='lat' dir='ltr'>loca</span> <span class='ocrx_word' id='word_1_258' title='bbox 662 3500 850 3594; x_wconf 77' lang='lat' dir='ltr'>aspiceret,</span> <span class='ocrx_word' id='word_1_259' title='bbox 875 3499 935 3574; x_wconf 83' lang='lat' dir='ltr'>ubi</span> <span class='ocrx_word' id='word_1_260' title='bbox 949 3497 1058 3592; x_wconf 77' lang='lat' dir='ltr'>jacob</span> <span class='ocrx_word' id='word_1_261' title='bbox 1073 3498 1197 3573; x_wconf 78' lang='lat' dir='ltr'>scalam</span> <span class='ocrx_word' id='word_1_262' title='bbox 1212 3501 1248 3572; x_wconf 91' lang='lat' dir='ltr'>in</span> <span class='ocrx_word' id='word_1_263' title='bbox 1267 3501 1391 3572; x_wconf 82' lang='lat' dir='ltr'>coelun</span> <span class='ocrx_word' id='word_1_264' title='bbox 1409 3499 1630 3592; x_wconf 84' lang='lat' dir='ltr'>tendentem,</span> <span class='ocrx_word' id='word_1_265' title='bbox 1655 3527 1759 3600; x_wconf 89' lang='lat' dir='ltr'>ange·</span> 
     </span>
     <span class='ocr_line' id='line_1_32' title="bbox 564 3593 1761 3692; baseline 0.003 -22"><span class='ocrx_word' id='word_1_266' title='bbox 564 3599 619 3670; x_wconf 84' lang='lat' dir='ltr'>los</span> <span class='ocrx_word' id='word_1_267' title='bbox 641 3595 889 3670; x_wconf 85' lang='lat' dir='ltr'>descendentes</span> <span class='ocrx_word' id='word_1_268' title='bbox 923 3597 1035 3682; x_wconf 90' lang='lat' dir='ltr'>vidit,</span> <span class='ocrx_word' id='word_1_269' title='bbox 1072 3618 1112 3668; x_wconf 87' lang='lat' dir='ltr'>ut</span> <span class='ocrx_word' id='word_1_270' title='bbox 1146 3619 1227 3667; x_wconf 91' lang='lat' dir='ltr'>cum</span> <span class='ocrx_word' id='word_1_271' title='bbox 1248 3593 1302 3668; x_wconf 90' lang='lat' dir='ltr'>Re</span> <span class='ocrx_word' id='word_1_272' title='bbox 1329 3596 1364 3666; x_wconf 90' lang='lat' dir='ltr'>io</span> <span class='ocrx_word' id='word_1_273' title='bbox 1389 3594 1566 3692; x_wconf 74' lang='lat' dir='ltr'>Propheta</span> <span class='ocrx_word' id='word_1_274' title='bbox 1597 3599 1761 3674; x_wconf 83' lang='lat' dir='ltr'>adorares</span> 
     </span>
     <span class='ocr_line' id='line_1_33' title="bbox 565 3619 1758 3786; baseline 0.004 -21"><span class='ocrx_word' id='word_1_275' title='bbox 565 3691 758 3766; x_wconf 90' lang='lat' dir='ltr'>Dominum</span> <span class='ocrx_word' id='word_1_276' title='bbox 775 3693 837 3764; x_wconf 87' lang='lat' dir='ltr'>ubi</span> <span class='ocrx_word' id='word_1_277' title='bbox 852 3693 1019 3765; x_wconf 90' lang='lat' dir='ltr'>steterunt</span> <span class='ocrx_word' id='word_1_278' title='bbox 1037 3695 1144 3786; x_wconf 85' lang='lat' dir='ltr'>pedes</span> <span class='ocrx_word' id='word_1_279' title='bbox 1164 3690 1259 3784; x_wconf 86' lang='lat' dir='ltr'>ejus,</span> <span class='ocrx_word' id='word_1_280' title='bbox 1285 3619 1346 3762; x_wconf 59' lang='lat' dir='ltr'>usi</span> <span class='ocrx_word' id='word_1_281' title='bbox 1366 3713 1467 3764; x_wconf 85' lang='lat' dir='ltr'>natus</span> <span class='ocrx_word' id='word_1_282' title='bbox 1495 3693 1563 3778; x_wconf 89' lang='lat' dir='ltr'>est,</span> <span class='ocrx_word' id='word_1_283' title='bbox 1596 3696 1655 3768; x_wconf 90' lang='lat' dir='ltr'>ubi</span> <span class='ocrx_word' id='word_1_284' title='bbox 1675 3699 1758 3770; x_wconf 92' lang='lat' dir='ltr'>edu·</span> 
     </span>
     <span class='ocr_line' id='line_1_34' title="bbox 564 3768 1760 3896; baseline 0.004 -34"><span class='ocrx_word' id='word_1_285' title='bbox 564 3807 687 3876; x_wconf 80' lang='lat' dir='ltr'>catus,</span> <span class='ocrx_word' id='word_1_286' title='bbox 713 3789 775 3864; x_wconf 89' lang='lat' dir='ltr'>ubi</span> <span class='ocrx_word' id='word_1_287' title='bbox 796 3788 877 3862; x_wconf 86' lang='lat' dir='ltr'>fidei</span> <span class='ocrx_word' id='word_1_288' title='bbox 900 3787 1026 3864; x_wconf 82' lang='lat' dir='ltr'>nostrae</span> <span class='ocrx_word' id='word_1_289' title='bbox 1042 3783 1276 3862; x_wconf 72' lang='lat' dir='ltr'>faustissimum</span> <span class='ocrx_word' id='word_1_290' title='bbox 1301 3785 1531 3884; x_wconf 88' lang='lat' dir='ltr'>Euangeliurn</span> <span class='ocrx_word' id='word_1_291' title='bbox 1557 3768 1760 3896; x_wconf 57' lang='lat' dir='ltr'>promulgq</span> 
     </span>
     <span class='ocr_line' id='line_1_35' title="bbox 563 3883 1761 3976; baseline 0.003 -19"><span class='ocrx_word' id='word_1_292' title='bbox 563 3887 639 3971; x_wconf 83' lang='lat' dir='ltr'>vit,</span> <span class='ocrx_word' id='word_1_293' title='bbox 661 3883 724 3963; x_wconf 88' lang='lat' dir='ltr'>ubi</span> <span class='ocrx_word' id='word_1_294' title='bbox 738 3907 917 3967; x_wconf 84' lang='lat' dir='ltr'>mortuus,</span> <span class='ocrx_word' id='word_1_295' title='bbox 943 3885 1005 3961; x_wconf 90' lang='lat' dir='ltr'>ubi</span> <span class='ocrx_word' id='word_1_296' title='bbox 1019 3883 1221 3968; x_wconf 86' lang='lat' dir='ltr'>resurrexit,</span> <span class='ocrx_word' id='word_1_297' title='bbox 1244 3883 1336 3957; x_wconf 91' lang='lat' dir='ltr'>unde</span> <span class='ocrx_word' id='word_1_298' title='bbox 1352 3885 1388 3957; x_wconf 91' lang='lat' dir='ltr'>in</span> <span class='ocrx_word' id='word_1_299' title='bbox 1406 3887 1530 3958; x_wconf 83' lang='lat' dir='ltr'>coelum</span> <span class='ocrx_word' id='word_1_300' title='bbox 1548 3888 1670 3976; x_wconf 86' lang='lat' dir='ltr'>rediit,</span> <span class='ocrx_word' id='word_1_301' title='bbox 1694 3891 1761 3962; x_wconf 86' lang='lat' dir='ltr'>hu-</span> 
     </span>
     <span class='ocr_line' id='line_1_36' title="bbox 565 3979 1763 4077; baseline 0.003 -21"><span class='ocrx_word' id='word_1_302' title='bbox 565 3993 678 4060; x_wconf 80' lang='lat' dir='ltr'>manae</span> <span class='ocrx_word' id='word_1_303' title='bbox 699 3979 816 4054; x_wconf 84' lang='lat' dir='ltr'>salutis</span> <span class='ocrx_word' id='word_1_304' title='bbox 840 3982 992 4077; x_wconf 82' lang='lat' dir='ltr'>optimus</span> <span class='ocrx_word' id='word_1_305' title='bbox 1027 3979 1260 4076; x_wconf 87' lang='lat' dir='ltr'>maximusque</span> <span class='ocrx_word' id='word_1_306' title='bbox 1291 3981 1491 4076; x_wconf 86' lang='lat' dir='ltr'>redemptor</span> <span class='ocrx_word' id='word_1_307' title='bbox 1526 4005 1568 4058; x_wconf 87' lang='lat' dir='ltr'>ac</span> <span class='ocrx_word' id='word_1_308' title='bbox 1603 3983 1763 4059; x_wconf 87' lang='lat' dir='ltr'>servator</span> 
     </span>
     <span class='ocr_line' id='line_1_37' title="bbox 564 4076 1760 4178; baseline 0.006 -30"><span class='ocrx_word' id='word_1_309' title='bbox 564 4077 701 4178; x_wconf 81' lang='lat' dir='ltr'>Jrsus</span> <span class='ocrx_word' id='word_1_310' title='bbox 727 4078 979 4152; x_wconf 79' lang='lat' dir='ltr'>Cunrsnus.</span> <span class='ocrx_word' id='word_1_311' title='bbox 1030 4076 1111 4151; x_wconf 92' lang='lat' dir='ltr'>Nec</span> <span class='ocrx_word' id='word_1_312' title='bbox 1131 4081 1401 4174; x_wconf 82' lang='lat' dir='ltr'>minusquoque</span> <span class='ocrx_word' id='word_1_313' title='bbox 1417 4080 1524 4153; x_wconf 82' lang='lat' dir='ltr'>ardua</span> <span class='ocrx_word' id='word_1_314' title='bbox 1544 4079 1590 4152; x_wconf 89' lang='lat' dir='ltr'>est</span> <span class='ocrx_word' id='word_1_315' title='bbox 1613 4081 1689 4154; x_wconf 87' lang='lat' dir='ltr'>haec</span> <span class='ocrx_word' id='word_1_316' title='bbox 1705 4081 1760 4177; x_wconf 88' lang='lat' dir='ltr'>Je-</span> 
     </span>
     <span class='ocr_line' id='line_1_38' title="bbox 564 4172 1759 4272; baseline 0.006 -27"><span class='ocrx_word' id='word_1_317' title='bbox 564 4173 811 4270; x_wconf 89' lang='lat' dir='ltr'>rosolymitana</span> <span class='ocrx_word' id='word_1_318' title='bbox 833 4176 1072 4272; x_wconf 87' lang='lat' dir='ltr'>peregrinatio</span> <span class='ocrx_word' id='word_1_319' title='bbox 1104 4175 1208 4268; x_wconf 75' lang='lat' dir='ltr'>quim</span> <span class='ocrx_word' id='word_1_320' title='bbox 1233 4172 1413 4269; x_wconf 87' lang='lat' dir='ltr'>religiosa,</span> <span class='ocrx_word' id='word_1_321' title='bbox 1450 4177 1684 4272; x_wconf 86' lang='lat' dir='ltr'>navigandum</span> <span class='ocrx_word' id='word_1_322' title='bbox 1711 4179 1759 4252; x_wconf 89' lang='lat' dir='ltr'>est</span> 
     </span>
     <span class='ocr_line' id='line_1_39' title="bbox 482 4270 1761 4370; baseline 0.007 -30"><span class='ocrx_word' id='word_1_323' title='bbox 482 4332 485 4340; x_wconf 88' lang='lat'><em>.</em></span> <span class='ocrx_word' id='word_1_324' title='bbox 564 4270 657 4345; x_wconf 87' lang='lat' dir='ltr'>enim</span> <span class='ocrx_word' id='word_1_325' title='bbox 674 4271 858 4347; x_wconf 89' lang='lat' dir='ltr'>barbarum</span> <span class='ocrx_word' id='word_1_326' title='bbox 876 4294 989 4356; x_wconf 87' lang='lat' dir='ltr'>mare,</span> <span class='ocrx_word' id='word_1_327' title='bbox 1013 4293 1077 4366; x_wconf 89' lang='lat' dir='ltr'>per</span> <span class='ocrx_word' id='word_1_328' title='bbox 1100 4271 1211 4344; x_wconf 86' lang='lat' dir='ltr'>multa</span> <span class='ocrx_word' id='word_1_329' title='bbox 1236 4271 1367 4344; x_wconf 88' lang='lat' dir='ltr'>milium</span> <span class='ocrx_word' id='word_1_330' title='bbox 1384 4271 1497 4359; x_wconf 86' lang='lat' dir='ltr'>milia,</span> <span class='ocrx_word' id='word_1_331' title='bbox 1522 4272 1689 4370; x_wconf 88' lang='lat' dir='ltr'>nusquam</span> <span class='ocrx_word' id='word_1_332' title='bbox 1707 4295 1761 4350; x_wconf 93' lang='lat' dir='ltr'>tu·</span> 
     </span>
     <span class='ocr_line' id='line_1_40' title="bbox 563 4363 1761 4470; baseline -0.002 -22"><span class='ocrx_word' id='word_1_333' title='bbox 563 4385 619 4448; x_wconf 80' lang='lat' dir='ltr'>tus</span> <span class='ocrx_word' id='word_1_334' title='bbox 643 4365 706 4446; x_wconf 87' lang='lat' dir='ltr'>ubi</span> <span class='ocrx_word' id='word_1_335' title='bbox 727 4365 855 4469; x_wconf 79' lang='lat' dir='ltr'>hyeme</span> <span class='ocrx_word' id='word_1_336' title='bbox 886 4387 1021 4469; x_wconf 74' lang='lat' dir='ltr'>portus.</span> <span class='ocrx_word' id='word_1_337' title='bbox 1069 4363 1166 4445; x_wconf 83' lang='lat' dir='ltr'>Nam</span> <span class='ocrx_word' id='word_1_338' title='bbox 1193 4389 1274 4467; x_wconf 80' lang='lat' dir='ltr'>quae</span> <span class='ocrx_word' id='word_1_339' title='bbox 1301 4366 1549 4470; x_wconf 82' lang='lat' dir='ltr'>circumjacent</span> <span class='ocrx_word' id='word_1_340' title='bbox 1576 4370 1695 4450; x_wconf 78' lang='lat' dir='ltr'>insula</span> <span class='ocrx_word' id='word_1_341' title='bbox 1720 4371 1761 4446; x_wconf 82' lang='grc' dir='ltr'>ὅι</span> 
     </span>
     <span class='ocr_line' id='line_1_41' title="bbox 1637 4487 1768 4560; baseline -0.008 -16"><span class='ocrx_word' id='word_1_342' title='bbox 1637 4487 1768 4560; x_wconf 78' lang='lat' dir='ltr'>terrae,</span> 
     </span>
    </p>
   </div>
   <div class='ocr_carea' id='block_1_3' title="bbox 0 0 1992 5167">
    <p class='ocr_par' dir='ltr' id='par_1_3' title="bbox 0 0 1992 5167">
     <span class='ocr_line' id='line_1_42' title="bbox 0 0 1992 5167; baseline 0 0"><span class='ocrx_word' id='word_1_343' title='bbox 0 0 1992 5167; x_wconf 95' lang='lat' dir='ltr'> </span> 
     </span>
    </p>
   </div>
  </div>
 </body>
</html>
