3967 5167
91 150 334 364 Vra-“³2³
375 150 436 190 ττι
660 152 690 155 ··

285 368 290 378 x
525 357 531 373 e

295 578 491 727 merse.
521 570 828 673 supraema
854 603 921 673 m
950 580 1279 705 pireneos,
1340 555 1433 716 391'
1573 650 1580 665 ,

89 790 91 848 l
227 784 352 861 Aleieti
369 780 466 859 obitu
492 782 508 871 (
518 780 565 875 3)
591 778 714 854 Ticini
732 777 897 877 scriptae,
920 806 1033 859 meam
1053 785 1356 882 benevolentiam,
1382 824 1425 874 ac

228 879 380 955 studium
406 877 635 952 universum:
669 876 799 972 quibus
822 898 862 949 tu
891 880 1000 955 literis
1015 934 1029 969 ‚-
1059 888 1185 981 opinor
1211 896 1346 987 magnis
1373 897 1426 969 di·

89 973 90 1034 ζ
228 973 366 1051 striblus
389 972 702 1069 occupationibus,
727 996 787 1047 aut
802 976 900 1069 qudd
920 978 1064 1052 minime
1080 983 1302 1061 necessarium
1319 993 1426 1064 duxe-

89 1055 92 1124 I
190 1149 197 1157 ,
227 1076 278 1148 ris
289 1122 301 1159 ,
326 1071 409 1145 cirm
433 1072 522 1144 nihil
544 1067 777 1164 rescripseris:
802 1071 870 1144 fuit
893 1072 938 1147 ab
962 1078 1033 1166 hoc
1063 1080 1203 1171 quidem
1222 1106 1348 1175 genere
1369 1089 1426 1163 os-

89 1165 90 1172 '
224 1168 302 1244 ficii
326 1170 432 1261 inops
460 1189 536 1238 mea
557 1168 596 1239 in
618 1187 653 1240 te
668 1166 940 1243 benevolentia:
965 1170 1025 1247 sed
1051 1192 1164 1265 tamen
1183 1182 1317 1254 ardenti
1336 1185 1371 1255 in
1391 1208 1426 1258 te
1473 1204 1480 1213 ·

88 1257 96 1303 ἵ
225 1286 365 1360 tuaque
381 1262 565 1339 commoda
584 1259 728 1339 affluens
749 1266 951 1361 cupiditate.
999 1268 1169 1363 Quod&
1194 1276 1247 1347 tui
1272 1281 1330 1351 hic
1344 1276 1427 1375 prri'·

89 1353 90 1375 ³
227 1380 414 1437 curatores
437 1382 510 1431 non
532 1362 677 1432 omnino
701 1384 887 1455 numquam
902 1386 1166 1457 cognoverunt:
1192 1370 1229 1442 δι
1244 1396 1282 1447 ut
1295 1378 1428 1470 postre-

136 1528 146 1541 ,
227 1459 296 1532 md
315 1476 353 1529 tu
379 1476 474 1529 nunc
495 1454 720 1548 cognoscerer
742 1479 788 1527 ex
805 1459 995 1531 Gronoelani
1020 1460 1215 1538 CatdInalir
1238 1473 1437 1565 amplissimi

89 1594 93 1608 ·
229 1554 366 1641 literis,
391 1549 460 1623 suit
480 1548 562 1625 saud
588 1552 673 1624 milri
697 1553 928 1646 gratillrmum.
978 1554 1066 1631 Non
1094 1565 1191 1655 qudd
1209 1566 1354 1642 nesciam
1372 1594 1430 1643 me

89 1699 90 1702 =
231 1653 273 1724 in
298 1648 402 1721 rebus
425 1649 494 1719 tuis
516 1647 605 1719 nihil
629 1671 759 1741 praeter
781 1649 962 1737 studium,
993 1674 1036 1727 ac
1061 1654 1303 1751 diligentiam,
1337 1686 1429 1757 praea

89 1761 90 1764 ’
231 1742 371 1819 stitisse:
397 1740 458 1815 sed
483 1740 581 1837 qudd
611 1742 762 1838 idipsum
784 1744 986 1820 confirmari
1022 1750 1110 1839 tibi,
1135 1752 1257 1831 summi
1282 1762 1431 1835 testimo·

89 1901 90 1908 ,
230 1842 400 1921 moriri,
427 1840 608 1933 permagni
622 1839 763 1913 interest
780 1844 826 1913 ad
845 1852 921 1915 eam
945 1845 1209 1941 declarandam,
1235 1878 1339 1950 quam
1360 1862 1430 1953 jam

89 1953 90 1988 f
232 1935 367 2011 dudum
382 1934 481 2007 saitis
496 1934 613 2008 testari
630 1939 756 2030 cupio,
780 1938 1021 2012 incredibilem
1049 1968 1132 2039 erga
1155 1952 1199 2020 te'
1214 1954 1428 2028 volontatem
1536 1992 1538 1997 ·

89 2078 90 2102 2
233 2054 361 2107 meam.
414 2028 527 2121 Quod
553 2027 578 2101 si
602 2032 675 2105 ullo
705 2055 869 2127 umquam
894 2054 1050 2129 tempore
1079 2042 1244 2138 consequi
1267 2070 1394 2143 putero
1416 2104 1436 2139 ,-

232 2128 428 2225 explevero
452 2147 563 2199 meam
579 2124 669 2198 bene
686 2128 842 2201 merendi
866 2128 910 2200 de
935 2150 970 2201 te
996 2135 1220 2227 cupiditatem
1232 2168 1244 2227 l
1269 2164 1341 2217 tuae
1359 2171 1438 2219 non.

89 2263 90 2288 2
233 2224 346 2297 modd
365 2222 509 2306 rituti,
534 2244 576 2295 ac
594 2220 762 2295 doetrinae
777 2224 972 2319 praestanti,
993 2224 1052 2302 sed
1070 2230 1210 2306 Iummae
1225 2238 1328 2311 etiam
1350 2265 1432 2313 cum

89 2313 90 2329 ³
236 2320 365 2397 Aleion
391 2317 626 2392 neceffitudim
655 2321 818 2395 debitam.
870 2321 967 2393 Cura
989 2343 1030 2395 ut
1050 2329 1189 2415 valere,
1222 2356 1263 2407 ac
1283 2336 1367 2407 milri
1393 2340 1431 2409 in
1569 2398 1570 2401 ,

237 2437 359 2487 amore
382 2438 446 2510 par
470 2411 524 2487 fir.
575 2410 701 2488 Roma.
740 2415 858 2491 Nonis
888 2418 988 2508 Junii
1012 2420 1064 2495 nt
1089 2424 1139 2497 D.
1164 2426 1332 2505 LXVIII.
1359 2430 1430 2508 Ex-

89 2519 90 2554 ³
235 2511 407 2587 cellentIae
429 2510 552 2587 vestrae
580 2512 632 2584 uti
658 2508 780 2588 Frater
802 2515 1053 2601 amantissimus.

748 2688 809 2783 F.
836 2705 1031 2817 Cardinafir
1053 2698 1304 2797 ‘Aternrua

382 2922 1299 3031 EP1STOLACLxx1-11.
1464 2944 1611 3083 lille

89 3137 92 3160 ’
238 3131 712 3225 eruperaet
776 3042 1613 3272 nncnmmsooml‘dl.

89 3267 90 3272 l
506 3264 1169 3372 TRAJECTENsls.

414 3458 655 3553 Clarissimo
682 3454 880 3549 Domino
915 3418 1074 3577 praesrdi
1098 3463 1265 3581 Viglio.

240 3656 316 3751 De
333 3654 462 3745 tribus
489 3657 691 3775 catalogis
716 3656 910 3745 librorum
927 3656 1216 3773 prohibitorum
1239 3662 1290 3750 eb
1316 3662 1437 3756 Duce
1486 3667 1590 3765 1569,

89 3769 90 3792 ¹
297 3767 457 3859 Albano
486 3774 541 3855 od
571 3778 658 3882 ejus
687 3774 891 3885 censuram
921 3776 1174 3889 transmiffis,
1212 3786 1377 3867 verium

365 3881 549 3999 presulis
568 3888 791 3996 judicium,
821 3886 1022 4003 eleganter
1045 3888 1294 4004 proptrsttum.

89 4045 95 4075 r
243 4076 504 4241 Cpariffime
519 4074 668 4190 Praeses,
693 4079 858 4174 idemque
873 4080 985 4153 modis
997 4082 1157 4192 omnibus
1173 4091 1382 4203 reverende,
1399 4092 1437 4168 dr

346 4180 484 4273 inclyte
506 4175 660 4275 Domme
683 4174 884 4271 praeposite.
935 4176 1057 4252 Vetus·
1077 4177 1206 4255 oretum
1228 4181 1300 4274 est,
1323 4189 1439 4302 Quem

1355 4304 1441 4375 quer·

89 4429 90 4445 r
287 4384 351 4469 (3)
371 4389 421 4452 Ab
440 4388 553 4461 Aleion
575 4388 676 4473 obiere]
699 4389 756 4470 qui
777 4390 925 4475 contigit
943 4392 1057 4476 pridIc
1079 4392 1158 4461 Idtis
1178 4396 1443 4482 Januaril1550.
1588 4480 1592 4487 .

89 4489 90 4548 l
243 4467 325 4537 cum
346 4470 482 4540 vixisset
510 4492 618 4541 annos
639 4478 693 4555 56.
716 4474 849 4544 menses
874 4473 972 4559 osio,
995 4478 1069 4547 dics
1090 4495 1248 4564 quatuor.
1289 4484 1343 4548 lle
1364 4480 1445 4561 qul·

1377 4566 1447 4635 buc
1576 4584 1581 4591 ·
