3967 5167
554 550 637 615 210
671 516 910 622 VIGLII
936 542 1003 610 Aa
1030 508 1290 613 AYTTA
1318 504 1693 619 ZiJ-ICH'Ellr

555 716 624 805 diis,
641 734 749 787 ortam
769 711 971 787 liberalibus
990 709 1118 785 eisdem
1139 733 1280 807 quoque
1310 711 1458 785 maxime
1478 714 1620 787 retineri
1641 715 1753 811 polu.

556 812 634 885 Scis
657 810 781 906 idjam
805 806 964 882 accidisse
987 808 1082 901 quod
1102 830 1169 901 ego
1185 804 1315 879 dudum
1341 805 1414 879 sum
1432 813 1591 897 veritus,
1615 809 1752 887 scilicet

557 929 596 981 ut
619 906 816 999 patrimonii
840 899 1088 979 administratio
1102 904 1265 976 maturius
1290 923 1324 974 te
1346 903 1389 975 ab
1418 906 1526 979 literia
1552 928 1751 983 revocaret.

557 1004 626 1077 Sed
642 1025 703 1085 tu,
720 1002 766 1073 mi
781 998 921 1091 Jacob,
946 1000 1009 1094 qui
1025 1023 1095 1071 non
1110 999 1399 1073 contemnendum
1416 1002 1452 1072 in
1463 998 1653 1096 disciplinis
1668 1026 1754 1099 pro·

556 1096 687 1173 fectum
715 1094 845 1176 fecisti,
870 1094 917 1170 stc
945 1116 1060 1169 tecum
1079 1098 1194 1168 animo
1214 1114 1374 1189 reputare
1393 1094 1523 1184 debes,
1545 1101 1660 1170 literas
1679 1125 1758 1174 non

559 1194 604 1267 ad
629 1194 720 1267 solas
740 1190 946 1289 Subolem&
967 1188 1162 1289 Gymnasra
1181 1192 1374 1286 pertinere,
1396 1187 1456 1263 sed
1476 1209 1614 1265 omnem
1632 1196 1757 1269 locum

559 1278 681 1381 studiis
700 1288 863 1360 idoneum
874 1282 951 1361 ess'e.
975 1286 1024 1359 Et
1044 1308 1241 1382 quanquam
1261 1308 1332 1359 non
1348 1289 1444 1359 omni
1462 1308 1619 1383 tempore
1635 1294 1750 1365 otium

562 1384 712 1459 discendi
736 1381 913 1549 suppetit,
939 1383 1058 1455 studiis
1084 1403 1198 1453 tamen
1215 1382 1349 1477 semper
1378 1384 1509 1478 aliquid
1527 1386 1637 1460 literis
1657 1387 1753 1461 deci·

493 1534 502 1555 .
561 1483 642 1555 dere
662 1482 756 1553 licet.
827 1478 901 1550 llud
923 1477 1012 1552 verd
1041 1477 1201 1572 inprimis
1222 1474 1366 1562 suadeo,
1392 1500 1432 1550 ut
1456 1476 1536 1552 crim
1558 1480 1667 1553 latine
1697 1485 1748 1555 lo·

562 1576 693 1673 quendi
718 1574 918 1649 facultatem
943 1574 1008 1645 tibi
1034 1574 1238 1668 paraverit,
1270 1594 1345 1645 eam
1378 1574 1660 1671 quandocunque
1685 1577 1752 1654 tibi

559 1670 742 1745 dedorunt
763 1672 920 1744 virorum
943 1670 1047 1764 copia
1063 1666 1131 1754 cst,
1155 1666 1272 1742 sedula
1292 1670 1537 1744 exercitatione
1553 1670 1753 1749 conserves.
1880 1709 1881 1748 t

559 1766 700 1842 Etenim
717 1788 789 1839 non
806 1764 941 1839 tantiam
964 1768 1031 1875 lige
1051 1767 1204 1847 ratione,
1229 1786 1310 1858 quae
1332 1765 1369 1835 in
1382 1766 1490 1838 literis
1514 1766 1688 1855 didicisti,
1712 1769 1758 1845 fi·
1881 1830 1882 1833 ,

562 1864 672 1938 delius
693 1863 866 1935 memoriae
883 1860 1088 1947 haerebunt,
1113 1858 1172 1932 sed
1189 1858 1471 1933 existimationem
1492 1861 1556 1935 tibi
1575 1885 1647 1937 uon
1676 1886 1751 1941 mo·

563 1960 676 2034 dicam
693 1958 904 2033 conciliabis.
931 1956 1089 2050 Quando
1103 1954 1201 2029 istius
1217 1974 1287 2028 tute
1302 1957 1493 2051 splendidae
1506 1956 1660 2033 fortunae
1676 1961 1755 2037 nul·

557 2056 632 2128 lum
646 2056 754 2152 maJ'ur
773 2073 1012 2128 ornamentum
1026 2050 1229 2148 ipfialiteris
1243 2049 1310 2125 else
1321 2054 1445 2149 potest.
1494 2052 1601 2149 Stylo
1614 2060 1757 2149 autem,

557 2153 633 2225 ltoc
656 2153 726 2237 est,
751 2151 865 2225 latinia
891 2146 1080 2259 scribendis
1103 2149 1237 2257 literis,
1261 2170 1334 2219 non
1361 2150 1470 2223 modd
1496 2148 1593 2222 istam
1620 2154 1758 2249 linguae

541 2249 676 2321 latinae
699 2246 897 2321 facultatem
924 2243 1028 2319 facule
1046 2243 1239 2354 retinebas,
1272 2242 1333 2317 sed
1360 2245 1621 2355 locupletiorem
1641 2252 1756 2321 etiam

560 2342 697 2417 reddes.
746 2340 987 2455 Quamobrem
1003 2342 1080 2451 noli
1093 2358 1255 2449 omittere
1273 2340 1359 2451 quin
1373 2342 1561 2507 ξςυῗυιζω
1582 2361 1752 2453 tuorum,

561 2460 651 2609 ul:
668 2439 783 2608 llll
800 2434 1448 2640 illil²¹llb⁰lllltillill
1465 2435 1748 2640 issisti&

557 2632 789 2705 condiorullu
804 2650 850 2701 ex
865 2652 903 2702 rc
920 2624 1053 2701 sruclua
1068 2623 1137 2714 est,
1160 2624 1266 2723 quim
1285 2648 1328 2701 ex
1347 2624 1535 2701 absentium
1556 2630 1754 2704 amicorum.
1808 2648 1814 2653 '

555 2726 722 2819 epistolia.
778 2724 1006 2835 Voluptatem
1034 2725 1122 2796 vero
1146 2744 1275 2819 augere
1299 2722 1413 2835 'debet
1445 2724 1606 2835 utilitas,
1637 2738 1749 2821 quum

558 2822 674 2931 multo
688 2820 883 2933 stylovtres
901 2816 939 2891 δι
955 2830 1227 2931 incrementum,
1250 2816 1407 2931 dollrma
1421 2838 1579 2913 accipiat
1628 2820 1754 2933 ignos-
1772 2886 1777 2896 .

561 2912 1753 3107 sffiffimqnm

556 3107 693 3184 buerit:
719 3108 755 3178 in
773 3109 843 3180 hoc
858 3124 968 3180 aetatta
986 3126 1057 3178 tuae
1071 3103 1330 3201 studiommque
1345 3101 1466 3192 fluxu,
1489 3129 1563 3202 quo
1576 3109 1620 3181 ab
1639 3110 1756 3181 literiu-

556 3205 606 3277 ad
628 3200 874 3297 patrimonium
896 3200 1197 3275 adminllbaadum
1216 3204 1377 3289 vocarit,
1400 3221 1441 3276 ut
1455 3204 1604 3297 aliquem
1626 3202 1751 3277 saltem

560 3320 679 3375 earum
706 3295 858 3371 sruciunt
890 3298 1086 3381 retineret,
1129 3300 1173 3372 de
1201 3300 1273 3372 illia
1300 3318 1336 3373 te
1367 3298 1751 3377 commonefaciendum

557 3396 655 3468 duxi.
704 3391 910 3491 Scripseram
925 3390 1111 3486 aliquando
1125 3397 1170 3467 ad
1192 3394 1228 3467 le
1241 3396 1286 3468 de
1305 3394 1495 3467 Civitatum
1515 3394 1628 3469 ltaliae
1642 3396 1749 3469 statu·
1867 3382 1871 3390 ’

557 3492 613 3565 tir.
663 3487 781 3583 Cupio
800 3486 884 3563 scire
902 3489 1030 3583 ecquid
1047 3509 1117 3563 ate
1134 3486 1294 3563 effectum
1309 3486 1360 3561 lit.
1412 3488 1522 3580 Quod
1540 3490 1566 3563 fi
1581 3514 1661 3565 cum
1676 3490 1756 3564 mie

557 3585 658 3660 libris
681 3584 812 3678 aliquid
832 3584 905 3680 ejus
927 3587 1064 3681 generis
1086 3606 1131 3658 cx
1147 3585 1247 3659 Italia
1271 3587 1449 3673 attulerit,
1473 3609 1587 3682 eoque
1607 3610 1663 3660 me
1682 3588 1747 3659 im-

559 3683 681 3778 pertiri
696 3680 868 3765 volueris,
892 3702 963 3754 non
987 3679 1053 3753 erit
1073 3677 1215 3754 difficile
1238 3682 1452 3755 committere
1471 3684 1575 3757 alicui
1600 3703 1752 3767 eorum,

559 3778 622 3944 qui
639 3776 751 3851 vestra
766 3774 930 3870 Auguste
946 3776 1086 3870 negotia
1099 3794 1247 3870 gerunt,
1271 3777 1407 3851 atinde
1429 3780 1466 3851 id
1483 3780 1553 3852 buc
1575 3779 1751 3851 mittaturt

595 3873 753 3945 arabitur
777 3872 941 3945 autemid
961 3894 981 3946 a
1001 3896 1056 3946 me
1070 3872 1274 3969 diligenter,
1299 3894 1343 3945 ne
1367 3874 1436 3946 boc
1452 3874 1517 3947 tibi
1533 3870 1743 3948 beneficium

554 3986 693 4063 pereat.
738 3967 834 4042 liene
855 3968 950 4052 vale,
975 3970 1013 4044 de
1034 3988 1198 4065 patruum
1212 3987 1311 4042 tuum
1331 3966 1380 4042 D.
1406 3970 1576 4043 Antoniam
1592 3970 1752 4065 plurima

554 4082 635 4135 meo
651 4066 791 4137 nomine
808 4062 915 4141 salute
934 4065 1087 4165 imperti.
1110 4064 1242 4144 Datum
1263 4064 1387 4164 Spiroe.
1412 4064 1579 4143 Calendiu
1595 4064 1750 4141 Mature

553 4178 646 4251 W
670 4164 780 4252 1536.
928 4192 931 4201 ’

1623 4386 1746 4535 aun
