3967 5167
550 547 636 639 152
665 512 899 618 VIGLII
927 540 998 609 uu
1028 503 1291 608 au'T'TA
1321 505 1704 613 ZU'ICHEMI

554 750 588 794 ,‚
609 699 929 775 commendationes
939 698 1051 772 iturus
1062 699 1097 770 in
1108 677 1540 794 Angliamzcommendaui
1550 699 1762 796 paucis‚sed

556 839 585 874 v
610 798 754 869 invitus.
780 796 977 878 Admonui,
1003 816 1043 866 ut
1062 793 1182 889 srquid
1205 792 1347 869 a'ffetius
1366 819 1447 889 erga
1457 797 1570 869 Sellas
1585 801 1620 868 iu
1632 799 1763 893 Anglia

559 936 586 969 υ
612 891 839 964 diffimularet.
889 890 1048 966 Hociiie
1074 891 1161 964 a'deo
1181 915 1250 963 non
1270 889 1356 964 fecit
1379 891 1428 963 ibi
1454 915 1618 980 manens,
1641 913 1681 965 ut
1697 916 1764 964 au·

561 997 589 1066 -,'‚
609 985 668 1058 'sus
693 985 733 1057 srt
752 982 855 1060 etiam
870 988 989 1058 multis
1005 985 1156 1081 epistolis
1169 1010 1218 1058 eo
1234 987 1331 1058 misfis
1348 987 1437 1060 tueri
1455 987 1678 1082 Zwingiiaua:
1696 1011 1762 1064 nec

568 1127 590 1164 „
615 1085 746 1156 veritus
765 1081 815 1155 est
833 1086 876 1154 de
893 1085 947 1153 his
961 1084 1005 1153 ad
1022 1083 1151 1153 Morum
1170 1084 1294 1155 crebro
1309 1081 1469 1155 scribere.
1503 1081 1685 1157 Postremo
1704 1086 1764 1157 de·

565 1199 774 1271 „creverat
793 1178 956 1250 Plutonem
983 1175 1125 1272 abipso
1158 1180 1274 1250 multis
1303 1181 1390 1250 locis
1414 1180 1642 1273 depravatum
1668 1181 1773 1252 Moto

469 1301 473 1305 ’
568 1317 592 1350 „
619 1274 762 1357 dicare,
799 1273 836 1344 δι
864 1268 998 1344 feciffet
1025 1274 1061 1342 ni
1086 1269 1310 1346 diffuafiffem.
1360 1271 1446 1360 Quo
1479 1274 1620 1347 nomine
1648 1277 1764 1347 Morus
1802 1321 1805 1332 ·

565 1413 595 1448 η
618 1371 705 1441 mihi
719 1389 864 1461 ‘magnas
888 1369 962 1462 agit
978 1369 1115 1460 gratias.
1166 1369 1234 1440 Sed
1261 1389 1317 1441 me
1341 1368 1448 1442 inscio
1466 1371 1626 1441 Euclidem
1646 1369 1765 1443 inseri*

519 1540 522 1553 ‚
565 1506 593 1542 ‚‚
618 1463 686 1560 psrt
707 1462 877 1556 Toustullo:
896 1483 938 1534 >at
955 1485 1024 1556 ego
1042 1485 1174 1535 cerrum
1193 1463 1264 1536 scio
1283 1465 1410 1536 Morum
1428 1465 1465 1539 δι
1486 1463 1675 1560 Toufiuiium
1695 1489 1767 1538 uon

565 1604 593 1638 ν
618 1557 725 1631 odiile
748 1562 846 1652 pejus
868 1577 1031 1652 anguem,
1057 1558 1161 1651 quiun
1180 1557 1264 1632 istos
1281 1557 1438 1632 addictos
1464 1559 1585 1632 Sectis.
1634 1559 1768 1655 Nuper

568 1699 593 1734 n
618 1653 782 1727 admonui
794 1655 959 1747 Gryuoeum
972 1677 1015 1726 ne
1026 1652 1190 1727 scriberet
1207 1654 1416 1727 familiariter
1428 1657 1476 1728 ad
1494 1677 1576 1742 eos,
1593 1658 1655 1748 qui
1664 1679 1769 1750 pror·

476 1808 482 1816 .
565 1794 593 1830 2,
618 1749 673 1823 sus
695 1749 888 1823 adhorrent
909 1771 929 1818 a
948 1749 1168 1842 dogmatibus
1198 1772 1278 1843 quae
1302 1749 1373 1843 ipse
1393 1772 1520 1825 tuetur.
1570 1743 1679 1824 Nunc
1696 1751 1768 1826 hoc

567 1889 594 1924 n
616 1849 707 1941 agit,
733 1864 772 1916 ut
801 1845 844 1916 ab
861 1844 1147 1938 ¹Archiepiscopo
1174 1843 1390 1938 Cauruurieust
1419 1848 1584 1940 impetret
1616 1867 1767 1920 annuam

569 1983 593 2018 n
614 1939 827 2036 pensionem.
865 1938 915 2008 Et
930 1941 1093 2034 quodust
1106 1939 1265 2028 suavius,
1290 1943 1426 2014 cuidam
1445 1941 1598 2036 epistolae
1621 1941 1768 2014 suaead·

570 2079 595 2115 n
617 2042 747 2132 jecerat
774 2038 851 2107 haec
878 2035 1013 2117 verba,
1051 2037 1145 2109 Reda
1166 2033 1308 2129 ficetis,
1330 2032 1365 2127 fi
1396 2041 1521 2131 cujum
1542 2038 1635 2129 piena
1658 2039 1767 2111 hirudo

569 2175 596 2209 .,
622 2135 697 2207 midi
718 2130 869 2225 famelico
892 2127 1012 2224 offrir
1039 2129 1209 2222 pruſsorum
1241 2133 1505 2222 cantuariensem.
1563 2131 1685 2224 Quum
1713 2156 1768 2206 me

566 2271 595 2306 ς,
619 2249 724 2300 vocat
739 2226 954 2308 hirudinem,
972 2249 1022 2299 ex
1035 2225 1094 2298 suo
1110 2250 1164 2298 me
1182 2226 1325 2298 aestimat
1342 2227 1508 2322 iugenio:
1536 2228 1573 2300 δι
1588 2230 1693 2300 homo
1716 2230 1768 2301 di·

570 2366 595 2401 n
620 2321 729 2398 versae
753 2319 967 2415 Religionis,
991 2322 1081 2393 nihil
1097 2344 1259 2414 umquam
1282 2325 1325 2394 de
1349 2345 1404 2395 me
1433 2325 1593 2407 meritus,
1664 2325 1706 2396 tit
1724 2343 1769 2398 ut

573 2463 596 2496 ι,
621 2417 686 2585 iffi
708 2422 828 2490 cedam
854 2418 1025 2490 ducentos
1049 2413 1199 2490 florenos
1223 2439 1353 2496 annuos
1374 2467 1386 2504 ,
1409 2419 1506 2512 quod
1531 2419 1592 2488 vix
1633 2439 1722 2490 rater
1746 2443 1768 2492 a

571 2559 598 2593 27

642 2535 732 2588 ratre
749 2514 905 2608 propitio
919 2513 1065 2586 auderet
1080 2531 1208 2606 petere.
1240 2511 1339 2588 Hinc
1356 2515 1482 2608 collige
1498 2513 1583 2605 quid
1599 2513 1657 2586 ille
1674 2511 1771 2587 fron·
1882 2571 1883 2580 ,

574 2653 598 2688 η
624 2613 667 2682 tis
687 2611 831 2693 habeat,
857 2631 968 2705 quum
982 2611 1101 2679 miram
1117 2629 1270 2702 oreprae
1288 2608 1320 2679 se
1338 2607 1424 2680 ferat
1439 2610 1661 2703 probitatem.
1714 2609 1772 2682 De
1882 2665 1883 2682 ,

575 2747 601 2782 η
625 2708 704 2788 his,
729 2701 808 2776 aliis
827 2727 871 2798 ue
895 2705 999 2796 plura
1021 2700 1179 2776 dixissem
1202 2703 1267 2775 tibi
1290 2727 1431 2787 corum,
1453 2702 1478 2774 fi
1503 2725 1564 2797 per
1584 2703 1773 2800 theologos

572 2843 599 2877 ο,
626 2800 714 2872 duos
735 2819 779 2870 ac
843 2795 980 2874 ociores
1003 2793 1159 2871 licuiiiet.
1210 2800 1433 2888 Amerbaclriut
1448 2795 1651 2892 promiserat
1663 2795 1698 2872 se
1712 2798 1775 2874 hic

575 2937 602 2972 η
627 2893 826 2967 adiuturum
842 2895 934 2966 iutra
952 2916 1007 2983 14.
1032 2896 1127 2976 dieu,
1152 2898 1351 2988 praeteriere
1376 2915 1433 2987 30.
1461 2893 1580 2989 Cupio
1594 2891 1702 2982 scire,
1727 2917 1775 2968 am
1882 2883 1883 2932 ³

445 3006 449 3012 ’
575 3031 603 3070 n
627 2987 797 3084 aliquosrt
810 2986 1008 3082 profedius,
1034 3011 1220 3084 cuparum
1244 2991 1367 3062 ualeat
1394 2990 1553 3080 Gijhcrrut
1575 3011 1673 3063 meus
1700 3011 1774 3064 nom

578 3129 605 3163 ο,
630 3081 931 3178 redittl'uspicor
954 3101 1130 3250 nugonem
1154 3081 1295 3158 Basrleae
1329 3082 1471 3180 aliquod
1496 3085 1570 3156 dies
1601 3107 1682 3158 cum
1704 3084 1775 3162 suis

577 3225 602 3274 ρ,
627 3179 899 3291 cougerrouibus
914 3200 1000 3274 pota
1029 3206 1057 3254 e.
1082 3179 1190 3290 Spero
1207 3181 1304 3274 quod
1317 3181 1541 3290 lliuouymum
1557 3176 1659 3290 iiihic
1671 3203 1776 3278 repe-

576 3273 1129 3466 ffizrzzgggisarzlgnagatluszigtb
1143 3274 1227 3350 serre
1245 3297 1361 3372 cupro.
1411 3273 1512 3351 Vale.
1537 3273 1712 3373 Frrburgo
1738 3283 1776 3358 8.

775 3529 1580 3628 uprsrocuxcrx.
1691 3453 1695 3466 ’

664 3703 1687 3800 uuasuoaorauouurro.
1820 3777 1827 3792 .

255 3813 258 3827 Ι
496 3917 500 3921 «
539 3873 550 3895 ’
585 3880 785 3997 Rescribit
804 3883 863 3969 ad
878 3877 1133 3999 superiorem
1167 3877 1337 3997 Erasmi
1364 3879 1585 3998 epistolam,
1609 3875 1779 3995 'ejusque

640 4000 751 4110 apud
766 3994 965 4111 Bassleam
981 4005 1307 4086 maturationem
1318 3999 1461 4084 reddit.
1491 3993 1660 4109 Spondet
1670 3988 1718 4104 se

682 4107 953 4229 obsscururum
967 4111 1117 4221 confido
1136 4109 1361 4226 Erasmt'de
1373 4109 1546 4198 vitandis
1553 4109 1682 4224 seclis.

584 4280 835 4455 PRiusquam
845 4287 1050 4359 tuasiiteraa
1067 4283 1279 4380 acciperem,
1296 4281 1417 4380 paucis
1442 4284 1509 4359 tibi
1526 4283 1611 4381 quid
1627 4279 1690 4358 hic
1700 4303 1780 4378 age·

671 4403 744 4457 rem
756 4403 905 4478 quaeque
922 4385 1008 4459 mihi
1026 4382 1184 4459 morandi
1194 4381 1293 4462 causa
1305 4378 1406 4476 eilet,
1422 4383 1624 4462 iudicaram.
1648 4377 1782 4549 silici:
