3967 5167
320 542 512 667 EPlST.
544 540 852 637 SELECTAE
879 564 947 635 au
977 542 1301 643 DIVERSOS
1382 576 1438 667 37

230 740 318 818 mirei
335 745 369 814 in
387 742 536 837 legendo
550 740 758 818 fastidiosus.
810 740 920 813 Malui
939 744 1075 837 iraque,
1101 748 1265 841 quoniam
1281 746 1340 818 ille
1353 770 1437 821 con·

228 858 421 913 currentem
445 840 561 913 adhue
582 860 652 909 non
673 838 802 921 haber,
831 858 869 909 ut
893 858 966 909 tum
982 839 1088 912 nostri
1102 864 1275 913 canonum
1292 844 1438 917 audiant

89 936 114 967 ’·
226 932 478 1031 professorem,
504 956 541 1007 ut
573 932 611 1009 δι
645 936 827 1007 vocabulis
853 934 1089 1027 peculiaribus
1115 942 1189 1031 ejus
1219 936 1436 1033 profelfionic

227 1027 426 1113 assuescant,
446 1035 553 1125 magis
576 1030 727 1127 ipsorum
754 1052 879 1115 aures,
916 1029 1118 1125 discantque
1141 1031 1369 1107 differentiam
1394 1060 1434 1107 u·

113 1154 131 1171 ··
225 1125 380 1223 ttiusque
398 1130 505 1220 juris,
531 1150 601 1199 nun
627 1146 760 1197 tantum
781 1126 817 1197 iu
836 1124 955 1205 rebus,
973 1150 1097 1199 verum
1123 1131 1226 1200 etiarn
1253 1132 1291 1201 in
1307 1130 1435 1202 verbo·

224 1246 303 1295 rum
323 1245 449 1294 ornatu
468 1220 701 1317 orationisque
720 1224 834 1295 nitore
863 1224 1058 1294 maximam.
1112 1225 1291 1296 Mantuani
1313 1246 1433 1299 autem

223 1317 410 1393 lessionem
426 1318 548 1395 seduld
580 1341 686 1405 cur0,
713 1342 783 1391 non
807 1316 916 1389 modo
937 1338 975 1389 ut
999 1320 1166 1403 audiant,
1188 1318 1250 1391 sed
1274 1346 1311 1393 ut
1334 1323 1435 1395 intel·

222 1417 368 1509 ligant,
402 1438 443 1487 ac
466 1412 601 1486 finitam
627 1416 779 1488 recitare·
803 1416 907 1487 etiam
940 1415 1026 1483 milri
1056 1416 1206 1509 ponne,
1240 1416 1336 1509 quod
1364 1420 1439 1492 hoc-

224 1509 335 1605 pasto
367 1511 490 1583 efficio.
543 1508 732 1583 Praescribo
764 1512 800 1581 in
824 1508 959 1603 glossis,
983 1532 1090 1603 atque
1114 1514 1153 1581 in
1176 1514 1324 1584 Bettholo
1351 1534 1435 1607 quae
1523 1504 1526 1514 ’
1560 1532 1563 1543 ·

223 1601 355 1679 discere
373 1610 470 1699 prius
493 1608 663 1691 debeant3
688 1624 761 1678 tum
784 1608 886 1698 exigo
910 1607 953 1677 ab
978 1607 1027 1675 eis
1046 1606 1266 1701 praescripta,
1291 1611 1336 1680 de
1354 1614 1432 1703 qui·

222 1702 289 1774 bus
304 1702 497 1775 Doetorem
517 1703 658 1797 publice
679 1701 929 1796 disputaturum
945 1724 1141 1787 autumem,
1166 1726 1208 1778 ac
1233 1705 1315 1795 quid
1332 1705 1430 1779 dein·

211 1798 267 1873 ,de
296 1800 499 1883 Alexander,
525 1794 647 1891 Joson,
672 1800 852 1893 Deciosque
876 1798 953 1893 post
980 1800 1164 1868 Bartholum
1189 1799 1346 1872 adferant
1369 1824 1432 1874 ex·

221 1896 340 1989 plico,
368 1897 402 1964 in
425 1894 540 1965 dubiis
568 1896 671 1967 etiarn
702 1915 813 1967 meam
839 1891 1042 1965 sententiam
1064 1895 1293 1989 interponens
1322 1918 1424 1991 argu-

220 1988 412 2085 mentisque
455 1986 673 2062 confirmans.
732 1988 794 2063 Sic
827 1986 982 2063 instructi
1012 1990 1195 2083 prodimus
1219 1994 1254 2063 in
1274 1991 1431 2085 'Scholas

220 2085 315 2180 quast
341 2084 503 2173 dosiuri,
529 2083 681 2159 discendi
706 2104 819 2159 tamen
838 2084 946 2158 eausa.
999 2084 1052 2156 lbi
1083 2088 1216 2168 omnia,
1242 2088 1323 2185 quia
1338 2112 1430 2184 prae·

219 2182 291 2257 visa
313 2179 472 2255 faciliora
497 2181 667 2254 exiliunt:
692 2204 733 2253 ac
761 2182 805 2253 de
837 2179 1043 2273 quibusdam
1072 2182 1294 2270 dubitantes,
1317 2206 1428 2259 atten-

217 2280 288 2349 tius
313 2277 542 2351 auscultamus
566 2280 795 2370 praeceptoris
816 2274 1053 2372 exspetiantes
1073 2278 1257 2371 judicium.
1307 2280 1426 2356 Finita

217 2371 367 2449 lesiione
391 2376 428 2447 in
462 2375 600 2470 circulis
625 2374 739 2447 adhuc
763 2375 911 2445 aliorum
935 2376 1075 2467 ingenia
1106 2376 1358 2467 intelligimus,
1385 2398 1431 2453 ae

144 2540 153 2561 ,
218 2472 347 2545 deinde
371 2470 498 2543 iterum
523 2486 647 2564 repeto
670 2472 845 2563 exigoque
867 2472 1005 2553 audita,
1028 2470 1295 2563 comproboque
1319 2474 1356 2548 δι
1373 2495 1428 2545 re·

215 2566 334 2661 probo
353 2616 363 2648 ,
379 2568 383 2575 '
400 2565 435 2635 &
462 2587 539 2658 quae
565 2568 670 2729 ἀὶἓηα
694 2564 858 2635 memoria
883 2562 988 2648 sunt,
1014 2565 1172 2658 redigere
1198 2588 1273 2637 tum
1305 2568 1428 2661 jubeo.

216 2660 319 2733 'salis
341 2678 456 2732 autem
475 2680 542 2731 una
560 2660 590 2731 le
629 2661 726 2731 io'ea
750 2660 930 2751 diligentia
956 2658 1091 2740 audita,
1118 2662 1204 2732 mihi
1229 2664 1351 2747 crede,
1375 2666 1425 2734 mi

216 2755 375 2836 Domine
394 2758 527 2853 Georgi,
552 2756 734 2835 maximam
758 2754 871 2830 adfert
889 2756 1092 2840 utilitatem,
1114 2754 1243 2853 subigit
1259 2761 1423 2871 enimin·

1281 2878 1427 2951 gentum

90 3092 102 3105 ..
216 3032 271 3099 nis
291 3043 389 3099 ortus
411 3029 531 3113 est·a5.
552 3030 670 3098 Martii
693 3036 784 3115 1482.
815 3031 962 3101 &obiit
992 3051 1042 3114 19.
1065 3028 1209 3114 Augusti
1231 3033 1325 3111 1556.
1366 3028 1429 3095 Est

216 3132 317 3199 pater
339 3114 530 3189 Alexandri,
555 3114 591 3182 dc
623 3134 706 3181 avus
723 3114 824 3197 Fausti
847 3116 940 3181 Setini
961 3114 1202 3180 ltaeresrarcltae.
1224 3114 1269 3179 V.
1285 3112 1426 3194 Baylium

215 3198 327 3265 verbo
349 3198 495 3293 Socrst
518 3199 825 3281 (Maurusius)
848 3196 1121 3270 seeundoloeo,
1140 3198 1177 3263 id
1197 3195 1428 3280 estpag.227.

217 3296 303 3349 tom.
322 3304 354 3371 4,
376 3282 456 3349 edat.
478 3282 641 3349 Holland.
664 3284 744 3347 anni
767 3300 860 3367 1730.
890 3284 1049 3349 Domnus
1070 3279 1244 3373 Bernartius
1266 3279 1301 3342 de
1319 3279 1429 3343 Mom-

91 3394 92 3399 1
206 3364 344 3450 sueton,
365 3366 423 3447 qui
442 3365 478 3431 in
492 3364 605 3431 Diorio
621 3364 747 3443 Italico,
768 3367 886 3431 omnia
901 3366 933 3431 se
958 3365 1064 3429 uioris
1084 3362 1187 3427 seculi
1201 3376 1433 3457 monumenta

214 3448 447 3596 acffpitaphia
467 3450 624 3598 iqegleait
644 3448 724 3597 dqttl
751 3448 875 3599 opebrai,
896 3385 1013 3515 nescio
1033 3464 1137 3534 quare
1158 3462 1259 3513 unius
1278 3445 1424 3513 susurratis

213 3548 262 3599 teo
295 3548 324 3594 rt
341 3550 465 3599 euarav
513 3552 549 3617 p.
572 3550 647 3616 399,
695 3551 721 3599 is
744 3550 807 3600 ver
831 3550 879 3599 ts:

556 3700 701 3765 Matieno
721 3696 833 3767 Sozino
844 3702 964 3779 juniori

559 3795 691 3879 Senenfi,
713 3802 803 3861 vixit
823 3816 894 3861 nnn.
917 3788 1110 3863 LXXssIs,

561 3888 610 3953 M.
631 3888 711 3955 ssss.
731 3890 767 3957 δ’
788 3888 834 3953 D.
846 3885 965 3953 XXV.
977 3881 1061 3953 Olriit
1074 3906 1131 3958 oo,

561 3986 611 4052 M.
632 3984 769 4053 DLVI..
782 3984 829 4049 die
848 3982 955 4051 XIX.
972 3980 1105 4064 Augusti·

559 4080 631 4147 Filii
650 4078 820 4167 mestrffim.
839 4078 936 4145 Patri
950 4094 1011 4165 ope.
1028 4096 1072 4166 p,

213 4250 327 4320 Exstat
350 4247 538 4325 Bononiae,
567 4266 611 4317 an
633 4261 715 4317 ante
737 4247 914 4315 ecclesiam
937 4246 971 4313 S.
1001 4242 1204 4323 Dominiei,
1230 4262 1274 4312 an
1295 4244 1336 4311 in
1376 4244 1433 4313 Ia·

109 4390 115 4397 .
214 4350 294 4409 tea,
312 4336 369 4401 vel
386 4336 423 4400 iu
438 4330 639 4418 peristyliis,
663 4332 779 4399 aliisve
801 4328 1003 4403 Monasterii
1020 4330 1130 4404 locis:
1152 4328 1193 4401 id
1208 4329 1306 4418 apud

204 4417 385 4517 scrutinium
404 4438 476 4489 uon
496 4418 646 4506 reperias
668 4416 884 4505 expeditum.

707 4498 894 4625 „Ea
