3967 5167
105 179 199 325 Γ

271 528 281 539 ’
330 564 518 666 uersu
548 556 855 715 sumcere
884 587 949 653 m
978 560 1311 664 mvnnsos.
1358 604 1436 695 175

235 786 385 867 quaeque·
399 763 461 839 tibi
477 761 552 835 usul
568 758 647 832 sunt
662 756 780 833 futura
797 762 1096 845 animadvertere,
1122 783 1163 834 ac
1183 764 1218 834 in
1247 765 1368 841 eadem
1400 794 1436 847 te

234 866 327 942 omni
346 880 474 936 conatu
495 858 735 932 incubituram
752 878 823 930 non
846 860 983 933 dubito.
1034 856 1127 929 illud
1155 882 1269 934 autem
1286 872 1434 941 nonnul*
1466 852 1474 867 ’

231 967 283 1037 los
300 960 470 1034 remorari
484 955 595 1039 solet,
621 956 746 1049 quiex
773 956 974 1029 Academiis
995 954 1161 1040 veniunt,
1187 976 1292 1053 atque
1344 966 1434 1037 erni·

230 1054 360 1137 ciosum
376 1056 548 1153 quendam
568 1046 692 1125 fastum
708 1051 790 1125 inde
807 1048 880 1126 sere
900 1050 1083 1127 adserunt:
1107 1061 1148 1121 ut'
1165 1074 1302 1146 quae-ne
1319 1062 1433 1151 ciunt,

231 1154 364 1231 discere
384 1177 446 1227 eos
465 1151 610 1225 omnino
625 1150 774 1243 pudeatr
799 1146 881 1221 cum
903 1170 1018 1223 tamen
1036 1174 1076 1222 ea
1090 1148 1174 1219 talia
1189 1146 1273 1238 fint,
1299 1178 1377 1248 quae
1389 1182 1434 1231 ex

228 1254 328 1328 libris
348 1250 486 1346 percipi
505 1269 576 1317 non
595 1244 674 1317 satie
693 1268 844 1338 queant,
869 1245 978 1318 sedin
995 1245 1076 1318 soro
1104 1264 1176 1315 tum
1204 1245 1285 1318 cium
1297 1242 1300 1249 ’
1312 1248 1436 1347 saepius

230 1352 418 1430 videntur,
436 1340 563 1417 rectius
580 1342 829 1433 intelligantur.
878 1342 1032 1415 Proinde
1050 1342 1101 1415 illi
1118 1342 1253 1435 optime
1271 1341 1334 1418 libi
1354 1372 1437 1421 con·

231 1447 373 1529 sulunt,
399 1464 488 1536 quos
508 1436 636 1511 nescire
667 1439 775 1533 magis
801 1436 903 1531 quim
931 1438 1061 1512 discere
1088 1439 1218 1530 pudet,
1245 1443 1378 1537 quique
1401 1444 1437 1517 se

234 1539 411 1616 veteranis
436 1536 506 1610 sori
536 1531 710 1605 actoribus
734 1533 959 1629 patronisque
991 1535 1193 1630 applicant,
1220 1558 1291 1629 qno
1317 1564 1437 1613 eorum

236 1636 487 1731 experientiam
506 1628 572 1725 ipsr
591 1633 626 1699 in
643 1627 728 1721 usus,
741 1627 819 1701 suos
833 1652 1051 1704 convertant.
1100 1628 1192 1702 Illud
1211 1635 1298 1705 vero
1318 1657 1352 1709 te
1368 1661 1438 1711 me·

234 1730 368 1805 minisse
393 1731 528 1800 Hrnrr'cr
550 1727 678 1809 velim,
706 1750 777 1798 non
796 1728 890 1799 aliud
911 1726 977 1800 esse
997 1729 1116 1823 praxis
1134 1724 1305 1801 discenda:
1320 1735 1437 1806 verius

234 1826 505 1923 compendium,
530 1820 675 1917 qulmsr
695 1845 730 1895 te
750 1822 935 1919 diligenter
955 1822 1149 1919 sponteque
1176 1828 1326 1919 negotiis
1351 1830 1438 1903 offe·

235 1947 291 1999 ras
306 1952 327 2011 z,
342 1922 518 2019 principio
543 1940 659 1991 tamen
691 1940 798 1993 temet
829 1920 1053 2015 peritioribus
1081 1919 1280 2015 adjungas,
1313 1926 1439 2001 deinde

237 2022 407 2119 paulatim
430 2016 502 2135 ipse
523 2016 654 2111 aliquid
680 2018 814 2110 negotii
837 2038 979 2103 tentes,
1006 2014 1045 2091 dc
1069 2015 1141 2089 fine
1166 2020 1300 2092 cortice
1323 2046 1440 2096 natare

239 2117 361 2191 discas.
412 2114 506 2187 Cum
526 2114 611 2186 verd
639 2134 762 2207 magna
777 2114 831 2185 vis
852 2113 932 2209 styli
956 2110 1015 2195 fit,
1040 2134 1118 2186 curn
1145 2138 1215 2185 non
1237 2116 1344 2189 latina
1367 2141 1441 2191 tan-

240 2236 341 2300 turn,
365 2209 423 2285 sed
441 2208 479 2282 δι
498 2211 685 2281 vernacula
702 2208 855 2303 legendo
878 2208 1133 2303 scribendoque
1151 2232 1335 2298 exercere,
1361 2238 1441 2309 per-

241 2332 345 2407 quam
361 2305 535 2381 utileelse
555 2307 764 2399 comperies.
817 2305 911 2381 Haec
928 2330 1000 2378 non
1021 2305 1144 2378 dubito
1163 2307 1247 2399 quin
1265 2306 1442 2385 frustrate

241 2426 438 2488 moneam,
460 2426 567 2497 quum
601 2420 683 2473 aetas
718 2402 784 2474 tibi
813 2420 874 2473 tua
901 2399 1115 2495 praesensque
1144 2398 1338 2474 institutum
1366 2402 1445 2479 satis

238 2502 419 2587 ostendat,
443 2521 590 2592 quanam
612 2520 696 2568 cura
716 2494 935 2569 &industria
951 2519 1041 2593 opus
1060 2494 1120 2581 lit,
1145 2518 1186 2569 ut
1213 2500 1359 2591 aliquem
1379 2501 1444 2573 stu·

241 2602 382 2673 diorum
406 2592 556 2665 fructum
584 2591 760 2683 assequare
790 2593 1062 2689 opinionemque
1089 2616 1194 2687 quarn
1221 2596 1374 2668 excitasti
1391 2618 1446 2671 tu·

244 2715 338 2764 care.
387 2686 521 2759 Verum
546 2696 614 2855 epo
640 2686 720 2759 cum
747 2706 780 2759 te
809 2712 917 2760 amem
943 2691 1143 2772 exanimo,
1170 2693 1254 2762 nolo
1274 2714 1309 2763 te
1332 2717 1446 2767 meum

242 2786 399 2861 officium
416 2780 550 2859 tametsi
580 2806 816 2881 upervacuum
833 2783 1034 2860 defiderare.
1065 2784 1118 2859 Et.
1128 2811 1182 2858 me
1200 2788 1292 2881 apud
1313 2810 1347 2862 te
1363 2788 1447 2863 scm-

243 2908 311 2982 per
332 2880 466 2977 aliquid
493 2882 711 2955 authoritatis
735 2880 863 2953 babere
883 2882 1045 2965 voluisti,
1071 2905 1174 2975 quam
1192 2884 1307 2958 adhuc
1323 2909 1377 2961 me
1393 2911 1448 2961 re·

244 2984 358 3054 tinere
382 2979 552 3065 arbitror,
578 2974 706 3051 etiarnsi
726 2980 835 3071 longo
850 2998 913 3050 tuo
938 2976 1075 3053 filentio
1096 3002 1166 3050 non
1191 2982 1368 3055 modicum
1394 2978 1449 3055 os·

243 3076 393 3161 sendor,
419 3098 462 3147 eo
485 3074 624 3169 quidem
639 3069 782 3169 justiore
808 3075 851 3146 de
869 3076 992 3163 causa,
1020 3074 1116 3170 quod
1141 3074 1213 3169 ipse
1241 3080 1325 3151 meis
1346 3101 1381 3150 te
1407 3082 1447 3151 li·

242 3174 326 3249 teris
352 3172 456 3245 toties
481 3171 747 3265 interpellarim,
771 3192 812 3245 ac
839 3172 883 3245 de
909 3196 946 3243 re
975 3194 1052 3265 quae
1076 3172 1161 3243 mihi
1182 3175 1327 3243 maxime
1348 3174 1449 3247 cordi

244 3268 319 3357 est,
344 3274 414 3343 hoc
438 3267 507 3351 est,
533 3267 628 3341 libris
644 3266 728 3338 meis
750 3282 820 3339 tam
841 3286 935 3339 tuam
953 3291 1096 3363 operam
1116 3266 1288 3359 fidemque
1304 3292 1450 3365 rogave·

243 3368 321 3440 rim.
381 3362 474 3436 Nam
503 3386 570 3457 ego
591 3384 669 3437 toto
703 3364 863 3455 proximo
893 3384 984 3435 anno
1013 3362 1187 3455 trigesimo
1212 3384 1338 3454 quarto
1367 3386 1448 3441 ate

243 3462 409 3555 scriptam
428 3460 604 3552 epistolam
630 3458 759 3529 nullam
784 3458 920 3551 accepi.
974 3458 1124 3546 Georgius
1146 3479 1260 3530 tamen
1287 3460 1447 3531 Hermoti-

246 3578 308 3628 nus
333 3580 442 3649 nuper
462 3554 553 3627 suam
568 3558 694 3628 obtulit
710 3577 852 3646 operam
874 3556 907 3623 in
928 3554 1143 3627 bibliotheca
1161 3554 1332 3637 curanda,
1358 3580 1450 3627 eam·

248 3674 320 3747 que
341 3650 562 3722 nibilominus
582 3656 617 3721 in
634 3670 669 3723 te
686 3648 830 3744 positam
852 3648 1016 3723 fiduciam
1042 3650 1173 3733 babeo,
1197 3652 1336 3722 minime
1353 3652 1450 3724 vide·

245 3754 333 3825 licet
360 3769 396 3819 te
425 3746 642 3818 charillnnam
676 3746 761 3817 mihi
789 3744 1063 3841 suppellectilem
1094 3748 1223 3820 interea
1252 3746 1447 3840 neglexisse.
1557 3799 1570 3823 .

248 3846 332 3941 Ego
351 3842 467 3917 adhuc
484 3841 620 3932 dubiam
640 3840 811 3913 Antistitis
834 3844 900 3914 mei
919 3842 1158 3916 conditionem
1174 3840 1318 3935 sequor,
1343 3866 1448 3937 quarn
1487 3875 1491 3882 ·

245 3938 519 4017 tolerabiliorem
539 3936 623 4009 facit
651 3938 913 4033 ejusdem-erga
939 3960 992 4009 me
1016 3938 1281 4027 benevolentia,
1307 3962 1349 4014 ex
1377 3944 1448 4014 cdi·

248 4060 355 4134 taque
380 4032 492 4107 salarii
508 4032 661 4119 solutio,
687 4036 788 4105 etiam
811 4033 881 4103 hoc
899 4031 1105 4105 difficillimo
1120 4052 1291 4127 tempore.
1342 3964 1449 4111 since

249 4135 404 4211 melioris
430 4128 582 4206 sortunae
606 4128 700 4225 spem
728 4125 899 4222 suscipio,
924 4126 948 4199 fi
973 4130 1081 4203 modo
1101 4123 1201 4201 Deus
1222 4153 1286 4203 nos
1307 4135 1448 4209 tandem

251 4234 403 4329 patietur
428 4226 721 4323 Anabaptisticam
754 4225 939 4298 colluviem
975 4227 1142 4299 emedio
1168 4228 1299 4305 tollere.
1351 4226 1449 4303 Urbe

255 4348 369 4401 aurem
390 4325 604 4401 munitislima
623 4324 668 4413 ab
692 4320 844 4397 casella
871 4342 1044 4419 occupata
1059 4324 1096 4396 vi
1121 4328 1200 4421 capi
1225 4329 1366 4423 nequit,
1390 4322 1449 4397 sed

254 4423 396 4520 coquos'
413 4416 632 4526 cellariosque
656 4418 735 4523 spes
761 4418 809 4497 est
839 4417 945 4499 finem
963 4422 1103 4499 taudem
1118 4446 1238 4541 eprum
1252 4422 1363 4520 impio
1380 4417 1452 4490 Re-

485 4538 488 4546 ·
589 4530 597 4543 ·
628 4582 633 4587 .
1036 4533 1040 4541 ·
1384 4536 1457 4611 gno
