3967 5167
422 568 430 575 ·
479 547 563 662 146
589 538 830 660 vromr
859 563 926 634 rr
955 537 1219 634 Arrun
1246 537 1621 634 zutcuunu·

535 754 583 821 ut
593 731 674 840 stat
693 730 844 842 faveat
872 739 912 818 in
940 729 1169 847 cffeqttenrlo
1209 730 1258 816 A
1282 736 1414 852 elorio
1442 759 1605 820 munere
1633 742 1687 820 in·
1860 776 1872 858 ἶ]

537 846 711 936 camera
751 843 932 958 Spirertfi.
995 840 1179 931 Nuntiat
1248 841 1409 958 rancisci
1438 843 1573 933 Curtii
1603 846 1678 933 obi·
1863 864 1875 923 ¹..

535 979 644 1060 rum,
674 953 731 1047 d?
752 955 959 1046 Alcimum
963 953 1216 1071 successorem
1233 953 1432 1065 suturam
1461 964 1501 1043 r'tt
1534 957 1677 1050 Cathe-
1857 926 1875 1351 p

1857 1555 1871 1953 '

1854 2202 1862 2249 l

537 1074 611 1157 dra
639 1065 858 1157 Patavina.

481 1290 638 1458 CUm
654 1288 853 1386 quaefiillem
868 1287 959 1385 sape
975 1286 1212 1374 occasionem,
1237 1289 1293 1360 vir
1313 1288 1427 1361 multis
1443 1290 1556 1365 modis
1575 1315 1676 1368 orna

588 1387 707 1466 tiffime
724 1384 908 1481 multisque
925 1386 1066 1457 dotibus
1079 1407 1118 1458 ac
1131 1385 1240 1456 titulis
1257 1387 1447 1477 praeclare,
1472 1407 1511 1457 ut
1521 1388 1565 1458 ad
1581 1410 1686 1470 tuam-2

480 1481 761 1554 benevolentiam
778 1482 910 1554 aditum
924 1479 1011 1552 milri
1025 1503 1204 1572 pararem,
1230 1482 1379 1551 oblatam
1401 1477 1562 1573 profedld
1573 1481 1673 1579 supe·

481 1577 633 1650 rioribus
666 1575 838 1650 menfibus
866 1577 997 1670 arripui
1021 1573 1272 1660 lubentissime,
1323 1571 1488 1670 aususque
1514 1575 1565 1650 fui
1589 1581 1675 1654 meis

480 1692 516 1746 te
541 1673 650 1745 literis
668 1674 916 1768 interpellare,
955 1693 1023 1744 nec
1047 1667 1117 1744 scio
1142 1694 1185 1742 an
1213 1671 1291 1742 satis
1313 1670 1442 1744 decore
1471 1693 1565 1744 tuam
1591 1697 1675 1747 mox

368 1840 370 1843 .
481 1790 586 1861 opem
604 1770 808 1862 implorare,
834 1764 978 1839 &inea
997 1768 1208 1860 quideme,
1234 1787 1336 1859 quam
1357 1789 1426 1838 non
1445 1763 1580 1861 potrum
1600 1794 1673 1842 non

481 1884 683 1958 arroganter
701 1865 761 1935 vel
786 1860 969 1935 ambitiose
991 1862 1107 1932 animo
1138 1883 1272 1932 mecum
1305 1863 1518 1954 concipere,
1545 1865 1675 1937 nedum

405 1956 414 1964 ’
480 1959 664 2032 immature
696 1956 852 2053 petillio,
876 1956 1049 2051 plerisque
1074 1955 1197 2028 videri.
1250 1953 1489 2043 Quamobrem
1509 1955 1581 2030 scio
1604 1962 1677 2034 hoe

480 2077 596 2126 meum
626 2054 755 2126 facturn
783 2056 989 2149 purgatione
1017 2073 1088 2124 non
1112 2051 1250 2145 vulgari
1279 2054 1443 2147 indigere.
1493 2051 1575 2130 Nec
1598 2077 1674 2130 eam

478 2172 624 2246 gravate
655 2149 884 2242 susciperem,
915 2146 940 2218 fi
965 2148 1072 2220 modo
1097 2169 1165 2231 ea,
1200 2170 1283 2242 quae
1315 2148 1359 2221 ad
1392 2149 1670 2226 benevolentiam

479 2265 576 2320 tuam
609 2268 692 2340 erga
724 2268 778 2316 me
803 2244 1021 2318 excitandam
1049 2241 1221 2338 proficere
1245 2239 1404 2337 pollent,
1429 2246 1564 2338 integra
1586 2250 1671 2328 mihi

478 2361 668 2416 manerent.
715 2339 878 2412 Arbitror
902 2357 1036 2422 autem,
1061 2362 1119 2412 eas
1141 2339 1258 2412 literas
1276 2363 1366 2410 meas
1391 2337 1593 2414 dssononia
1611 2346 1670 2415 da.-

478 2458 531 2510 tas
554 2438 704 2510 redditas
721 2437 785 2510 tibi
819 2435 907 2519 elle,
937 2431 1092 2507 commisr
1119 2437 1210 2506 enim
1238 2457 1295 2508 eas
1327 2434 1484 2508 ministro·
1501 2458 1556 2508 res
1575 2441 1669 2532 apud

479 2532 651 2607 Caesarem
668 2533 872 2626 procuranti
889 2530 1004 2603 mense
1029 2528 1230 2604 Februario.
1264 2527 1329 2608 ‚Et
1360 2527 1449 2603 ferre
1464 2529 1609 2624 {pollem
1635 2554 1673 2606 ut

478 2629 551 2702 illae
568 2625 786 2712 interiissent,
812 2652 856 2700 ne
875 2629 943 2698 tale
959 2628 1186 2722 impudentiae
1203 2649 1289 2698 meae
1301 2647 1560 2700 monumentum
1577 2631 1673 2724 apud

479 2746 516 2796 te
546 2742 689 2796 extaret.
741 2721 896 2814 Quando
912 2744 1025 2793 tamen
1045 2717 1135 2816 jadia
1162 2718 1265 2792 semel
1286 2717 1334 2792 est
1360 2723 1463 2809 alea,¹
1477 2723 1590 2816 culpae
1611 2749 1688 2798 ven

416 2841 419 2848 ·
475 2821 534 2891 aia
553 2819 740 2915 quaerenda
756 2816 816 2890 esu
865 2814 1027 2914 Ignosces
1051 2838 1136 2910 ergo
1159 2815 1244 2890 mihi
1265 2818 1360 2910 quod
1384 2820 1559 2904 totalem,
1585 2843 1672 2892 tarn-

477 2937 546 3009 que
561 2914 725 2986 eximium
754 2914 887 2998 virum,
912 2935 980 3006 ego
1004 2907 1186 3008 plusquam
1208 2914 1385 3007 gregarius
1407 2911 1584 2986 literarum
1610 2919 1669 2988 mi·

477 3015 548 3096 les,
573 3010 749 3105 appellate
776 3005 850 3081 sum
877 3007 987 3084 ausus.
1040 3003 1203 3102 Ignosces
1228 3010 1323 3114 quod
1347 3007 1384 3078 in
1415 3009 1533 3090 limine
1559 3009 1686 3084 statim.

1580 3127 1673 3190 nott<
1685 3168 1689 3174 .

477 3297 528 3366 set
551 3297 708 3366 camerae
729 3296 940 3381 Imperialis,
962 3295 1083 3364 statum
1107 3293 1369 3390 ecclesiasticum
1387 3296 1585 3380 amplexus,
1608 3317 1686 3366 va«.

477 3384 544 3477 rias
563 3382 746 3476 dignitates
774 3381 941 3456 ambivit,
982 3399 1023 3448 ae
1042 3380 1365 3478 'integro'triennro
1392 3379 1518 3474 frustra
1537 3383 1672 3450 labora·
1861 3460 1866 3471 Ι

334 3554 337 3563 ·
476 3462 961 3643 {trultrsstltutridlt
974 3459 1692 3642 lrlmlf’t‘tlttllltlttalulit:-
1858 3498 1865 3597 τ·

477 3647 518 3697 ut
539 3650 611 3698 rem
631 3649 667 3695 tn
692 3629 803 3714 specte
823 3648 977 3709 novam,
1006 3629 1044 3698 δι
1071 3627 1140 3696 sedt
1163 3627 1372 3712 Apostolrcae
1394 3628 1608 3709 mufitatam,
1625 3631 1670 3702 de
1688 3683 1690 3687 -

478 3714 514 3782 se
531 3715 665 3782 Nuntio
683 3715 719 3778 in
766 3714 893 3781 artibus
915 3713 1061 3798 Belgicis
1080 3711 1338 3788 constituendo,
1358 3711 1489 3778 summo
1509 3713 1687 3782 Pontifici.

476 3811 742 3885 proponeret„
781 3798 856 3880 ujus
870 3796 921 3862 rei
942 3795 1146 3862 conciliator
1168 3794 1287 3880 Viglt'us
1315 3793 1380 3862 elle
1402 3795 1532 3874 naluit,
1553 3800 1604 3864 uti
1624 3801 1671 3868 ad

478 3899 560 3946 eum
578 3881 710 3965 scripsrt
734 3896 808 3946 torn.
824 3897 857 3964 4.
872 3896 909 3962 p.
930 3896 1007 3962 577.
1046 3879 1202 3946 Tandem
1229 3879 1305 3964 post
1329 3879 1540 3946 erectionem
1559 3899 1666 3946 nova-

475 3981 553 4029 rum
577 3963 705 4030 sedium
734 3961 979 4048 episcopalium
1011 3961 1046 4026 in
1072 3961 1216 4048 Belgio,
1246 3961 1412 4028 Fredtritus
1432 3978 1569 4029 creatus
1598 3965 1667 4032 fuit

473 4047 605 4132 primus
624 4047 914 4131 Archiepiseopus
933 4045 1195 4132 Ultrajestlnus,
1216 4043 1252 4114 δι
1273 4046 1435 4124 ultimus,
1451 4059 1580 4114 mutata
1600 4047 1669 4116 sta-

473 4132 539 4197 tim
555 4129 721 4215 religione
740 4151 782 4199 ac
804 4129 923 4197 eversa
942 4130 1032 4198 sede.
1077 4129 1120 4199 V.
1139 4129 1186 4196 Hi
1213 4180 1221 4196 .
1242 4127 1324 4198 Eccl.
1341 4127 1490 4216 Ultroj.a
1504 4149 1548 4194 nte
1563 4131 1686 4216 publi-2.

472 4229 573 4281 rotant
592 4234 670 4278 anno
690 4233 783 4301 1725.
803 4214 912 4301 Heuff.
931 4222 963 4281 t'n
982 4215 1054 4282 But.
1068 4213 1132 4297 sac.
1189 4213 1371 4298 encastum,
1401 4211 1542 4366 uliosgre.
1583 4213 1666 4300 Epi·

471 4297 628 4451 taphiu‘rhn
655 4299 754 4383 ejus,
781 4297 1122 4372 &lucubrationum
1152 4311 1270 4368 notam
1298 4295 1403 4374 habes
1422 4314 1459 4368 tu
1508 4295 1559 4366 tlt.
1579 4297 1687 4387 Bag„

470 4401 589 4454 nouae
615 4388 650 4453 l.
1240 4388 1242 4394 ’
1518 4435 1521 4442 -
