3967 5167
324 520 515 621 nerse.
545 518 854 622 senecen
882 550 950 623 nn
978 526 1313 635 emensos,
1341 564 1425 632 211

311 750 823 845 nersronn
906 752 1322 860 nxxvrrt.
1446 764 1573 907 Ἠ»

228 914 810 1071 munnrnno
899 900 1361 1099 mourut).
1443 922 1590 998 Μ’·

217 1196 327 1315 Ejus
361 1198 643 1317 Lacomfinum
681 1204 852 1319 castigat.
908 1203 1084 1319 Joonm‘s
1110 1206 1277 1297 Secundi
1313 1208 1419 1318 baſsa
1473 1213 1577 1303 153⁶·
1735 1296 1741 1305 .

272 1315 429 1400 laudat.
463 1313 566 1402 Cum
588 1316 804 1403 Germanis
807 1314 888 1423 fior
904 1322 1000 1405 bene
1015 1316 1121 1434 peste
1131 1330 1342 1410 convenire
1348 1388 1363 1431 ,

316 1425 363 1532 fl
381 1428 431 1512 dc
447 1428 633 1541 religione
653 1426 800 1541 diffidit
817 1450 1063 1542 ponerentur
1073 1492 1088 1538 ‚
1115 1433 1303 1521 declarat.

287 1643 371 1720 Eue
390 1666 446 1717 me
465 1638 725 1719 Hercle'dituis
743 1664 821 1741 quae
837 1644 1041 1745 objeceram·
1095 1646 1252 1735 Omnino
1273 1653 1421 1741 arbitror

309 1760 344 1815 te
359 1744 396 1815 in
411 1738 494 1815 foro
514 1736 581 1813 isto
608 1738 726 1813 vestro
745 1740 815 1816 hoc
841 1742 978 1820 desidiae
997 1748 1230 1839 patrocinium
1248 1748 1414 1833 didiciss'e.

214 1838 358 1935 Atque,
391 1838 439 1919 mi
461 1834 646 1921 Hadriane,
672 1858 737 1911 cur
764 1856 802 1913 tu
827 1856 862 1913 te
890 1840 1030 1920 tandem
1052 1840 1097 1913 ad
1120 1847 1294 1947 garrulam
1316 1843 1417 1932 istam

216 1932 414 2005 tabularum
464 1930 663 2006 societatem
710 1932 917 2022 contulisti,
967 1930 993 2007 st
1046 1938 1135 2012 adeo
1184 1940 1251 2019 tibi
1298 1943 1416 2036 placet

219 2026 249 2095 ui
269 2036 474 2123 egeamque
493 2022 544 2113 rai
562 2026 794 2119 uertuntur
814 2026 955 2129 Dignus
981 2026 1145 2129 profecto
1171 2036 1257 2109 mihi
1282 2038 1414 2115 viderit

102 2176 104 2247 s
210 2122 1415 2315 {edentiiidd‘tgi‘t’ditititid‘iidebo

102 2248 104 2275 t
596 2268 608 2305 ,
1153 2274 1163 2293 ,

210 2313 302 2390 istud
318 2336 416 2391 tuum
431 2318 468 2395 in
484 2312 563 2393 soro
576 2310 683 2391 fauit
693 2246 981 2413 brevioquiuot
993 2314 1118 2418 Apage
1125 2318 1171 2391 ad
1181 2250 1410 2418 Areopagitas,

102 2412 104 2499 ξ
208 2410 320 2489 namo
339 2414 399 2487 hic
412 2412 502 2487 velis
522 2408 639 2487 causas
659 2410 799 2505 dicere,
815 2410 1011 2491 memineris
1029 2412 1195 2495 Coroniam·
1214 2416 1311 2515 quod
1326 2418 1411 2499 olim

211 2506 280 2583 uni
295 2508 498 2581 didicimus:
524 2502 603 2577 Foro
628 2520 659 2579 te
681 2523 772 2597 paro.
820 2506 858 2584 Si
878 2501 1042 2602 epistolae
1074 2529 1218 2607 quoque
1241 2509 1330 2586 nihil
1354 2514 1410 2595 vis

102 2606 103 2693 ῗ
207 2600 299 2689 esse,
325 2600 389 2677 nist
412 2600 570 2697 gravium
584 2619 629 2673 ec
646 2596 808 2675 seriarum
824 2624 939 2684 rerum
951 2600 1104 2687 iudices,
1125 2606 1197 2699 J'am
1219 2601 1408 2689 secundum

209 2713 248 2767 te
277 2696 392 2769 omnis
413 2700 505 2770 inter
529 2694 658 2777 amicos
685 2692 857 2773 scribendi
880 2694 1098 2775 cousuetudo
1125 2698 1297 2781 abolenda
1320 2705 1409 2793 erit,

102 2800 103 2891 ξ
209 2814 321 2887 quum
350 2794 443 2867 inter
468 2812 527 2864 eos
552 2790 614 2864 vix
646 2787 829 2866 centesima
852 2793 983 2890 pagina
1008 2794 1196 2901 quicquam
1217 2796 1297 2874 serii
1323 2822 1409 2879 con·

102 2910 103 2913 ‘
208 2888 336 2964 timeat:
364 2888 402 2963 δι
419 2890 455 2961 in
471 2886 540 2963 hoc
559 2884 668 2961 solum
685 2886 789 2969 amici
813 2888 938 2965 mutub
961 2884 1135 2975 sumunt,
1161 2913 1200 2965 ot
1220 2890 1407 2976 amicitiam

209 3004 313 3079 quam
337 2983 474 3079 plerum
500 3008 544 3059 ue
574 2982 823 3076 terraemot
850 2982 1000 3069 dirimit,
1036 2984 1148 3059 isthoc
1168 2983 1296 3065 'officio
1327 2990 1408 3073 reti.

207 3098 321 3154 neant.
374 3076 435 3167 Qu
483 3100 579 3169 ote,
602 3101 645 3153 an
668 3102 739 3153 non
755 3100 857 3177 putat
871 3080 993 3179 longas
1020 3078 1117 3175 posse
1139 3082 1259 3163 literas
1282 3082 1385 3161 scribi

209 3171 271 3247 nisi
303 3178 474 3249 continuo
521 3176 623 3249 novis
662 3172 978 3275 commenticiisque
1012 3175 1117 3254 reboo
1151 3134 1407 3253 mutuaturi

211 3264 431 3362 Ignoscerem
448 3266 562 3365 siquis
583 3295 627 3345 cx
647 3274 785 3366 populo
810 3270 857 3344 stc
874 3268 909 3343 se
930 3268 1119 3343 excusaret.
1168 3272 1220 3345 At
1241 3296 1314 3348 non
1338 3296 1406 3369 pu·

102 3428 103 3431 ,
209 3364 267 3437 det
290 3386 326 3437 te
349 3368 409 3460 qui
432 3387 569 3439 omnem
598 3384 735 3439 aetatem
758 3368 795 3438 in
817 3367 927 3437 literis
950 3362 1204 3461 consumpsisti,
1236 3388 1277 3439 ac
1307 3368 1407 3441 locu·

202 3460 425 3554 pletiffimum
443 3462 654 3553 optimarum
672 3458 928 3557 disciplinarum
941 3479 1074 3555 penum
1091 3459 1319 3571 comparasti,
1331 3481 1404 3539 tam

234 3574 352 3626 arcum
376 3552 442 3627 esse
459 3556 635 3627 literarum
655 3575 839 3650 promum,
864 3576 906 3629 ac
927 3553 1051 3649 queri,
1073 3577 1129 3627 res
1155 3554 1220 3628 nbi
1250 3560 1295 3630 ad
1321 3555 1404 3631 scri·

102 3696 103 3703 κ
205 3576 361 3723 iendum
377 3645 511 3721 deesset
536 3648 634 3724 Nolo
656 3652 819 3747 equidem
839 3672 930 3744 ego,
954 3673 977 3723 0
1008 3650 1101 3724 bone
1122 3656 1258 3735 Laco,
1282 3650 1404 3735 Iliada.
1527 3670 1530 3677 ·

207 3742 321 3838 Atqui
351 3742 453 3815 etiam
478 3765 549 3815 non
574 3750 788 3825 conveniunt
814 3742 968 3840 epistolis
986 3747 1112 3833 nuda,
1143 3745 1284 3841 solaque
1316 3768 1403 3842 apo·

209 3840 403 3933 thcgmeta:
429 3839 513 3913 nolo
531 3838 663 3913 indices
680 3840 761 3914 istos
787 3860 887 3926 tuos,
911 3838 1071 3936 epistolar
1096 3846 1203 3925 volo,
1236 3862 1296 3915 aut
1319 3863 1402 3937 pro·

207 3933 346 4011 timores
366 3954 426 4008 aut
444 3932 657 4023 crebriores,
681 3933 726 4026 de
747 3934 973 4009 familiaribus
992 3938 1116 4025 rebus,
1141 3937 1256 4033 deque
1282 3938 1400 4019 studiis

207 4051 289 4123 quae
308 4052 455 4125 apuero
471 4030 680 4126 conjunsta,
703 4030 740 4103 in
765 4032 965 4109 ulteriorem
983 4052 1119 4107 aetaoem
1144 4028 1300 4127 proferre
1328 4058 1401 4121 mu·

102 4176 103 4181 ,
209 4141 268 4199 toa
284 4128 601 4202 communicatione
619 4128 796 4202 literarum
811 4150 876 4203 nos
902 4126 1060 4203 addecet
1110 4127 1180 4201 Sed
1194 4126 1315 4203 desunt
1335 4131 1399 4204 tibi

1311 4225 1401 4309 sciti·

248 4339 314 4429 (1)
334 4340 493 4416 munau
517 4341 652 4441 Mario]
673 4342 719 4420 V.
738 4342 890 4504 Notqu
904 4342 1033 4503 2Vitam
1051 4346 1100 4428 N·
1118 4344 1209 4467 iii-«17
