3967 5167
98 423 104 536 l

98 612 99 688 l

313 570 534 674 .EPIST.
565 565 878 673 SELECTAE
903 569 969 666 dn
997 571 1327 676 DIVERSOS·
1373 601 1454 688 109
1567 591 1573 600 '

98 718 99 793 Ῑ
248 750 306 823 cui
319 747 459 844 ipse-est
475 748 673 847 praesedius.
702 751 751 824 Et
766 751 852 828 fecit
867 751 1009 848 quidem
1024 755 1172 850 aliquam
1188 749 1303 848 spem,
1330 750 1450 826 saltem

134 905 176 945 ,ι

243 867 284 924 ut
299 845 506 940 cognoscam
520 849 608 940 quid
619 845 661 921 sit
677 850 747 936 rei,
758 845 797 921 dr
816 872 856 921 ur
871 848 1072 943 inspiciam:
1085 869 1122 922 ut
1140 868 1217 920 utar
1232 849 1323 919 enim
1335 843 1444 920 fruar·

234 959 311 1035 que
328 941 463 1035 sperare
488 966 562 1017 non
588 944 712 1018 audeo.
764 943 932 1037 Cognovi
959 965 1077 1018 autem
1106 965 1149 1016 ex
1179 945 1247 1016 tuis
1277 943 1323 1014 ad
1347 943 1445 1016 illurn

240 1034 394 1130 aliosque
411 1039 547 1125 literis,
579 1057 747 1133 quantum
780 1041 921 1133 ngr'um
945 1057 1045 1112 tuum
1069 1060 1213 1124 amare,
1245 1035 1438 1134 quibusque

239 1152 322 1218 euru
345 1153 473 1205 ornare
487 1133 650 1206 laudibus
668 1157 804 1230 pergas.
857 1133 958 1226 Quas
980 1133 1041 1208 etsi
1060 1134 1202 1206 minime
1220 1153 1442 1224 promerear,
1470 1216 1472 1222 ,

237 1246 393 1300 attamen
415 1230 460 1300 de
476 1247 576 1303 tanto
590 1232 734 1303 conatus
748 1232 816 1302 mei
829 1232 1009 1317 laudatore
1030 1251 1102 1308 non
1114 1223 1250 1322 posl'um
1266 1250 1338 1318 non
1356 1229 1444 1300 mihi

98 1342 100 1429 f
235 1323 421 1489 pratnlar'u
469 1321 589 1417 Atque
610 1347 654 1398 eo
682 1324 758 1408 solo
780 1326 926 1418 praemio
954 1348 1027 1418 pto
1049 1323 1235 1419 praeteritis
1261 1323 1442 1396 laboribus

250 1419 366 1489 ubens
382 1415 457 1490 sum
474 1437 669 1495 contentus.
705 1420 747 1492 ln
761 1417 936 1512 posterum
951 1421 1037 1494 verb
1054 1417 1190 1513 semper
1206 1419 1316 1510 magis
1332 1412 1442 1513 atque

235 1513 354 1607 magis
368 1515 503 1601 enitar„
512 1537 588 1608 quo
602 1517 648 1589 ali
673 1537 754 1585 uam
767 1511 884 1594 saltem
898 1517 1040 1586 laudum
1051 1535 1185 1586 tuarum
1204 1533 1337 1608 partem
1354 1535 1440 1586 ven·

98 1644 99 1649 ¹
232 1607 450 1705 dicarerpibi
466 1631 605 1703 queam.
695 1607 810 1682 amad
827 1598 976 1700 uoronu
1000 1606 1078 1703 (7)
1103 1607 1370 1696 samamuereor
1386 1627 1432 1704 ne

98 1721 99 1805 q
233 1701 365 1776 frustra
381 1700 537 1796 aspirem.
588 1703 700 1798 Cujus
723 1705 1008 1798 tamenoaemplo
1027 1701 1236 1790 confirmor,
1259 1705 1436 1798 nepatriae

204 1893 208 1898 1
235 1799 381 1967 {cuium
391 1800 477 1870 mihi
489 1797 534 1870 ad
551 1799 641 1884 hanc
652 1801 691 1872 in
707 1799 827 1882 studiis
849 1801 1111 1876 contentionem
1128 1795 1341 1873 obstaturum
1361 1821 1436 1872 cre-

263 1917 331 1968 am.
380 1891 431 1966 Et
448 1891 527 1964 Deo
542 1915 637 1966 certe
654 1895 728 1976 illi,
752 1897 813 1986 qui
830 1895 994 1968 nostratia
1013 1896 1151 1990 ingenia
1167 1893 1275 1964 humo
1294 1895 1433 1987 alligat,

98 2012 99 2091 ι
238 2012 307 2064 nec
326 2009 367 2062 ea
381 1987 416 2060 se
434 1987 478 2062 ad
499 1990 647 2082 aliquem
676 1992 713 2076 in
747 1992 860 2064 literis
884 1988 1055 2062 honorem
1093 1991 1252 2062 attollere
1282 1991 1435 2082 patitur,

236 2106 419 2178 nunquam
436 2082 637 2158 sacrificavi.
669 2085 805 2181 ⁴Atque
820 2088 889 2159 hoc
904 2082 1017 2178 ipsum
1034 2106 1075 2160 ut
1093 2087 1260 2169 vitarem,
1283 2087 1352 2178 jam
1376 2084 1437 2154 de·

238 2182 370 2254 cimum
390 2182 668 2256 tertiumannum
683 2205 704 2254 a
721 2186 836 2278 patria
851 2183 984 2274 exulo,
999 2177 1079 2256 cum
1109 2179 1170 2254 stm
1197 2175 1312 2252 adhuc
1344 2179 1435 2254 intra

239 2297 318 2350 eam
333 2292 490 2363 aetatem,
514 2278 572 2350 cui
597 2295 728 2370 praeror
752 2278 1001 2356 restitutionem
1033 2279 1069 2350 in
1098 2279 1273 2370 integrum
1301 2274 1436 2348 tribuit.

241 2369 528 2465 Quapropter&
544 2375 778 2450 valetudinem
802 2372 937 2468 semper
952 2373 1147 2465 integram,
1182 2369 1347 2462 nulloque
1372 2391 1436 2440 un·

239 2489 347 2562 quam
368 2466 492 2539 morbo
520 2469 580 2540 vel
606 2465 768 2554 attaliam
794 2466 961 2540 hactenus
986 2467 1161 2560 produxi,
1185 2484 1227 2536 ut
1253 2463 1434 2536 Minintha·

237 2566 329 2643 dios,
353 2582 398 2630 ne
422 2558 483 2631 srm
508 2562 622 2634 minus
644 2583 778 2634 verear.
829 2559 1042 2656 Quanquam
1067 2555 1210 2630 minime
1237 2557 1323 2629 mihi
1346 2556 1438 2630 mori

238 2679 354 2753 grave
369 2651 451 2727 esset
468 2677 549 2728 cum
576 2657 750 2751 Wrgt'liaao
775 2654 1000 2752 Epitaphio,
1035 2653 1206 2752 Ostendent
1232 2655 1325 2724 terris
1353 2655 1434 2753 lunc

241 2767 371 2822 rantum
379 2747 483 2841 fata,
506 2773 562 2822 nec
583 2752 668 2823 ultra
683 2747 742 2846 effe
750 2748 869 2845 struent.
920 2751 1032 2840 Quod
1050 2773 1130 2824 tuus
1148 2768 1242 2822 amor
1259 2739 1433 2846 immerito

239 2847 328 2926 mihi
344 2845 476 2918 tribule
527 2843 624 2918 Sensi
641 2870 783 2942 quoque
795 2870 839 2919 err
855 2849 903 2920 D.
922 2843 1009 2939 Zaſst'
1025 2847 1156 2928 literis,
1181 2864 1253 2938 qno
1272 2866 1326 2917 me
1337 2835 1432 2936 apud

237 2944 339 3016 illum
358 2940 554 3014 testimonio
572 2943 772 3026 ornaveris,
795 2943 928 3037 quippe
948 2942 1012 3036 qui
1040 2965 1096 3014 me
1124 2936 1191 3012 fibi
1207 2935 1433 3012 successorem

238 3041 344 3112 vivus
362 3033 522 3110 asciscere
541 3038 703 3132 dignatus
720 3036 779 3108 est,
827 3037 901 3111 Sed
922 3038 1009 3130 quid
1023 3039 1108 3118 milri
1126 3035 1162 3106 in
1180 3057 1219 3108 ea
1241 3059 1278 3108 re
1297 3031 1339 3105 lit
1360 3035 1433 3104 ani·

241 3134 311 3218 mi,
335 3153 438 3204 antea
462 3133 640 3218 indicavi;
664 3133 702 3206 dc
717 3155 809 3204 nunc
828 3131 987 3226 pluribus
1008 3129 1102 3221 Zafio
1117 3127 1333 3224 respondeo,
1356 3151 1434 3220 gra-

241 3227 373 3322 tiasque
395 3227 579 3322 diligenter
605 3249 683 3320 ago.
726 3227 928 3321 chrysostomo
951 3229 1048 3323 quod
1076 3223 1251 3320 scripseris
1274 3223 1431 3316 gaudeo:
1511 3315 1515 3324 1

241 3347 288 3396 ex
305 3327 378 3417 ejus
393 3323 485 3394 enim
505 3319 751 3412 familiaritate,
776 3340 837 3392 tua
852 3323 939 3394 mihi
956 3319 1103 3414 epistola
1128 3315 1310 3405 devinila,
1342 3317 1433 3388 utili·

240 3439 347 3496 tatem
362 3440 435 3490 nort
454 3418 625 3492 modicam
642 3417 801 3510 concepi.
839 3413 960 3490 Habet
985 3417 1014 3486 is
1031 3417 1203 3508 integram
1220 3413 1366 3504 Cypriani
1380 3413 1431 3484 vi·

240 3535 351 3588 tama
369 3508 495 3584 Pontio
511 3510 735 3606 descriptam,
761 3510 867 3586 habet
890 3513 928 3586 δι
943 3508 1109 3606 quosdam
1139 3511 1190 3584 D.
1216 3505 1370 3592 Ambtosti
1394 3509 1434 3578 li·
1571 3547 1574 3552 ·

240 3611 326 3682 bros
348 3590 508 3677 adversus
530 3609 684 3694 Arianos,
710 3628 798 3702 quos
825 3606 859 3680 se
877 3605 1236 3688 communicaturum,
1261 3598 1435 3674 srdesrde·

239 3703 356 3786 rabis,
380 3698 548 3794 promisit.
594 3701 751 3794 Journem
773 3702 938 3796 Georgium
971 3701 1257 3792 Paumgorsnerum
1288 3699 1433 3788 dignum
1550 3703 1553 3708 “

240 3821 305 3876 tuo
317 3817 434 3868 amore
445 3791 698 3868 adolescentem
708 3797 841 3890 duplici
853 3798 993 3870 nomine
1003 3793 1129 3878 beasti,
1156 3797 1192 3867 δι
1206 3793 1303 3885 quod
1321 3789 1433 3884 ipsum

240 3915 303 3968 tua
325 3890 471 3987 epistola
500 3887 609 3964 fueris
634 3889 821 3984 dignatus,
854 3891 892 3963 ἃ
926 3890 1023 3988 quod
1056 3891 1149 3986 patri
1180 3909 1258 3959 eum
1297 3887 1434 3958 chario-

241 4013 314 4066 rem
332 3984 544 4070 reddideris,
557 3985 830 4076 c'ommendnndo
847 3989 969 4078 ejutin
986 3987 1096 4068 literis
1114 3979 1323 4078 profectum.
1348 3979 1433 4056 Hoc
1576 4004 1580 4010 ·

241 4086 327 4160 mihi
347 4081 451 4158 crede
466 4081 644 4166 liberalius
666 4081 853 4156 educatum
866 4083 1044 4177 ingenium
1073 4080 1133 4155 vix
1151 4079 1243 4153 aliud
1265 4081 1432 4176 reperiri,

1345 4173 1435 4248 surn-

243 4303 351 4457 ὠιῶ)
364 4301 540 4458 fftffl
560 4299 673 4368 Intelll
699 4299 725 4365 't
751 4295 935 4381 Rodolplmm
953 4294 1142 4382 Agricolam,
1163 4297 1292 4385 dequo
1319 4293 1360 4366 V.
1380 4291 1435 4359 Br-

273 4407 302 4454 ιο
335 4437 344 4455 .
415 4407 448 4472 g.
1411 4405 1415 4412 ·

537 4383 645 4470 uffrid,
663 4318 749 4493 fideti
767 4380 802 4452 de
815 4381 881 4449 Srrt'
901 4379 1061 4560 t.3Frifiae.
