3967 5167
537 472 615 538 112
643 440 888 547 VIGLII
914 463 981 531 An
1009 435 1271 534 AYTTA
1297 431 1671 532 ZUICHEMI

538 663 617 714 rum
631 639 814 710 authorum
830 636 1013 710 leniorem
1032 628 1202 706 alluefeci.
1252 629 1307 704 Ut
1321 625 1455 724 sperem
1472 628 1594 714 illum,
1609 625 1738 706 etiamst

542 758 615 806 non
638 753 770 806 tantum
787 731 870 805 sciat
886 749 1052 825 quantum
1072 725 1236 821 Cascellius
1254 726 1357 800 Aulus
1372 729 1386 814 (
1401 723 1471 820 11)
1495 725 1531 796 in
1548 727 1673 821 praetio
1690 747 1740 804 tu·

542 853 625 903 men
642 829 827 924 aliquando
844 826 1008 900 fututum.
1059 822 1121 894 Tu
1144 843 1246 918 ergo,
1266 821 1547 916 incomparabilis
1568 817 1741 912 Patrone,

546 927 592 1000 da
608 927 677 997 hoc
692 925 846 1006 Anione,
858 919 1029 1019 da‘patrir
1041 920 1166 1014 Georgii
1185 917 1364 990 Homerus·
1382 920 1398 1004 (
1404 923 1463 1006 12)
1480 913 1672 1008 desrderio,
1698 918 1743 992 da

549 1021 653 1114 Viglii
668 1021 721 1092 tui
740 1017 922 1114 precibus,
945 1035 986 1086 nt
1003 1015 1040 1086 δι
1063 1015 1122 1088 hic
1138 1011 1334 1088 adolescens
1351 1009 1512 1108 epistolio
1539 1014 1656 1109 aliquo
1678 1035 1742 1090 tuo

548 1115 595 1194 ad
609 1111 722 1188 studia
739 1115 913 1186 incitetur.
925 1111 1001 1183 Scis
1019 1110 1089 1181 mei
1101 1109 1251 1182 muneris
1268 1107 1334 1183 elle
1343 1157 1356 1196 ,
1372 1111 1470 1274 cluod
1485 1107 1614 1182 summa
1622 1109 1742 1184 alacri·

548 1227 621 1284 tate
637 1207 751 1291 obeo,
775 1227 816 1279 ut
838 1207 964 1296 Ercsml
980 1225 1106 1278 nomen
1150 1225 1329 1299 repagenu
1398 1229 1422 1277 n
1439 1227 1528 1298 quos
1543 1223 1656 1280 autern
1672 1208 1742 1282 hnc

549 1307 690 1390 malim,
714 1304 818 1400 quim
837 1304 875 1374 in
891 1323 976 1387 ens,
1001 1302 1046 1374 de
1060 1227 1188 1396 quissus
1209 1299 1296 1372 milri
1319 1300 1434 1396 aliqua
1454 1299 1532 1397 sper
1558 1301 1625 1388 est,
1651 1301 1742 1376 &in

550 1401 677 1496 quibus
710 1401 913 1494 praeclaram
934 1396 1089 1470 indolem
1107 1397 1224 1470 video.
1255 1394 1354 1493 ¹Qui
1379 1392 1419 1467 dt
1438 1391 1533 1470 senec
1552 1397 1741 1491 aliquando

525 1516 721 1571 renovare
744 1489 872 1587 Erasmi
898 1493 1099 1564 memoriam
1172 1509 1306 1574 terunt,
1338 1487 1593 1584 defendereque
1620 1491 1743 1566 adver·
1828 1498 1834 1504 ’

551 1587 608 1662 stu
621 1591 757 1684 eosqui
773 1589 886 1662 larvas
905 1585 1016 1659 solent
1043 1585 1112 1658 inse
1149 1587 1210 1660 eri.
1258 1584 1453 1660 Alcicrussr
1481 1589 1576 1660 nrille
1597 1589 1742 1682 ducato-

550 1707 632 1796 rum
645 1681 805 1756 salarium
826 1683 927 1755 volet
943 1678 1100 1792 merere,
1120 1681 1196 1791 lruc
1224 1681 1272 1754 est
1288 1681 1333 1754 ad
1358 1681 1554 1792 prouimanr‘
1582 1681 1742 1794 hyemem

551 1799 772 1951 rerer
813 1775 1249 1983 ieiunidici
1271 1772 1466 1982 lulli
1506 1775 1743 1948 ‘reule

553 1971 657 2041 Curtii
673 1973 793 2044 locum
808 1967 1034 2057 sufficiendo,
1057 1978 1123 2042 dec
1141 1969 1199 2040 rlle
1218 1965 1253 2040 se
1274 1989 1417 2040 rmnorrc
1432 1967 1582 2043 conduci
1594 1973 1739 2065 patitur.

549 2064 666 2160 Spero
682 2089 747 2138 nos
765 2064 945 2138 habituros
962 2062 1128 2157 frequens
1145 2064 1183 2138 &
1202 2061 1341 2138 celebre
1363 2060 1593 2158 Gymnafiunr
1649 2065 1740 2140 roxi-

454 2161 463 2176 '
550 2183 733 2235 monuero.
759 2157 1033 2324 &cupierat-3)
1059 2159 1124 2232 tibi
1136 2156 1324 2270 rescribet,
1348 2157 1410 2269 uiri
1433 2160 1478 2232 de
1495 2087 1651 2269 Menarfo
1667 2181 1741 2234 cer.

549 2259 621 2328 tior
645 2260 711 2330 erit
724 2254 848 2328 ladius.
897 2252 930 2326 Ε
976 2254 1163 2345 reJuverus
1177 2254 1280 2327 valde
1293 2254 1481 2344 candidus,
1504 2276 1637 2350 quique
1651 2258 1741 2330 inter

549 2351 733 2424 medicinae
750 2347 1063 2443 studiosocprimas
1078 2347 1155 2424 ferd
1172 2369 1288 2444 parter
1305 2349 1448 2424 obtinet.
1497 2349 1521 2442 J
1522 2349 1595 2422 uffit
1604 2373 1718 2426 autem
1727 2401 1740 2438 ,

550 2465 593 2519 ut
610 2466 646 2518 te
663 2451 808 2520 multum
835 2441 1026 2534 salutarem.
1075 2443 1227 2536 Ephorini
1252 2440 1475 2520 consuetudo-
1495 2467 1632 2540 magne
1654 2448 1741 2520 mihi

550 2541 601 2614 est
615 2542 801 2636 voluptati.
827 2536 924 2612 Huic
940 2537 1096 2612 moribus
1114 2535 1300 2612 simillimus
1315 2537 1365 2612 est
1386 2539 1551 2633 Rupilius,
1577 2538 1740 2636 fingulari

549 2637 704 2729 quodem
731 2636 843 2708 studio
867 2657 949 2728 erga
969 2633 1139 2724 Erasmum
1171 2635 1260 2706 nulli
1284 2633 1436 2708 nostrum
1458 2636 1596 2712 cedens.
1644 2635 1740 2712 Bene

549 2733 639 2806 vale.
687 2731 833 2806 Patavii,
859 2731 891 2803 8.
917 2727 973 2802 die
997 2727 1235 2825 Septembris,
1260 2751 1315 2802 en.
1343 2750 1447 2824 1532.

592 2925 684 3013 (ιι)
717 2924 877 3010 Cascellius
894 2923 1016 3011 Aulus]
1047 2924 1211 2995 casellius
1237 2926 1393 3007 Vindex;
1426 2925 1576 3012 optimus
1604 2925 1740 2996 habitus

551 3011 728 3079 consultus
751 3011 858 3094 juris,
886 3010 931 3074 de
950 3011 1050 3104 cujue
1071 3009 1245 3076 erroribus
1265 3011 1394 3078 dicitur
1412 3009 1569 3158 lerifisrffe
1590 3009 1742 3076 Terentius

551 3095 684 3160 Scaurus
701 3133 724 3170 ‚·
743 3091 875 3158 Adriani
894 3091 1117 3176 ternporrbus.
1159 3091 1246 3160 Haec
1267 3093 1371 3179 Janus
1392 3093 1473 3160 Parr
1497 3093 1580 3162 asrus
1599 3093 1636 3160 in
1655 3093 1741 3160 illud

551 3177 693 3246 Horatii
712 3175 757 3243 de
778 3190 851 3242 arte
870 3175 1031 3258 poetica:

739 3257 846 3342 Nescit
864 3259 1013 3342 mnium
1035 3255 1180 3342 Ccsellius
1199 3252 1313 3333 Aulus,

552 3342 725 3410 Sedecmm
743 3345 776 3405 ’Ὦ
792 3347 890 3426 ΜΟ
911 3339 959 3424 ist·
1064 3371 1145 3444 Car.
1164 3377 1260 3462 Step.
1280 3379 1316 3444 in
1336 3375 1405 3446 diet
1425 3375 1511 3444 hist..

536 3527 539 3530 ·
595 3506 686 3592 (η)
710 3503 833 3588 Georgii
843 3503 1035 3588 Hermcnni]
1059 3503 1114 3570 De
1125 3519 1194 3585 quo
1203 3503 1338 3586 prolixe
1350 3503 1404 3588 egi
1415 3503 1449 3570 in
1464 3515 1539 3572 not.
1548 3479 1599 3572 'ad
1612 3505 1742 3574 Vitam.

551 3589 867 3757 Nlffil'srmpus]
890 3670 1059 3754 Ioannes,
1076 3665 1231 3764 medicus
1241 3711 1256 3764 ,·
1271 3663 1348 3750 pdst
1359 3665 1547 3736 Ferrariam
1565 3672 1744 3754 migravit,

555 3749 1743 3904 ⁰¹¹³1illllmditlmzlln‘iiilidll{¹¹20illidii&

433 3952 439 3973 ι
555 3841 646 4068 {uam
666 3883 838 4002 u’triulque
864 3878 1016 3983 luure'am
1036 3918 1072 3981 in
1095 3917 1152 3982 illa
1178 3917 1285 3980 ltaliae
1309 3915 1526 4016 universitate
1551 3882 1746 4016 expeteret:

582 4024 640 4070 om.
661 4021 692 4070 e.
710 4020 744 4086 p.
765 4003 1008 4084 204.206.210.
1030 3999 1168 4066 Exstant
1180 3998 1353 4063 nonnullae
1375 3998 1747 4085 adSmcpr'nmeprstolae

554 4085 694 4153 levioris
719 4083 893 4168 ponderis.
933 4081 1042 4150 Franc.
1065 4081 1231 4149 Scueertr'us
1252 4081 1356 4146 habet
1375 4082 1410 4146 in
1439 4080 1553 4150 Selrtlir
1572 4085 1650 4150 oriris
1671 4085 1748 4149 deli·

554 4169 713 4234 tiisinter
731 4165 1023 4262 'Wrtzeburgenssa
1047 4163 1234 4259 pag.·mthi
1255 4181 1329 4258 413.
1349 4162 1480 4245 Joannr's
1508 4165 1625 4254 Sinopis·
1643 4167 1748 4246 medici

552 4251 666 4338 clarus.
684 4251 917 4336 epitaphrunr,
938 4266 1011 4316 non
1033 4245 1204 4358 adscrrptl
1224 4245 1338 4314 obrtus
1366 4245 1459 4314 nord.
1632 4331 1748 4408 EPI-
