3967 5167
555 514 635 623 aar
661 490 893 601 vrouu
920 518 986 584 m
1015 485 1276 587 avrea
1301 488 1673 587 zurofluvu

504 686 515 712 χ
556 700 602 775 ob
623 699 659 772 id
673 696 877 791 displicent,
901 694 1007 788 quod.
1025 691 1070 765 ad
1094 690 1330 766 scholasticam
1356 692 1509 767 docendi
1535 688 1759 769 consuetudi·

474 830 478 837 ·
559 818 638 869 nem
654 794 797 865 nimium
813 805 867 864 me
884 788 1143 876 adstrinxerim,
1168 788 1291 863 ve‘rum
1308 787 1406 884 quod
1422 784 1499 862 aliis
1518 789 1668 883 negotiis
1692 792 1758 865 im·

558 891 697 986 peditus
720 910 793 961 rem
814 886 955 981 publice
978 887 1013 957 le
1038 886 1162 957 endam
1193 886 1303 959 multo
1328 905 1424 960 cerae
1448 886 1681 1051 neqligentius
1712 909 1758 961 ae

558 986 703 1058 decebat
720 979 950 1054 trauaverim.
1001 910 1096 1069 5¹1ae
1114 1002 1193 1055 cum
1213 1000 1249 1053 te
1266 981 1493 1054 animadverti
1520 1004 1540 1051 e
1560 1004 1631 1054 non
1651 982 1759 1055 dubi·

559 1104 650 1166 tem,
677 1075 715 1149 ἃ
739 1100 856 1151 tamen
871 1078 1035 1175 ‘laborem
1059 1076 1212 1149 nostrum
1226 1096 1412 1170 ,tantopere
1428 1078 1595 1167 extollas,
1619 1100 1692 1172 qua
1710 1081 1759 1151 de

564 1170 664 1250 causa'
688 1176 754 1246 alia
769 1172 805 1244 id
822 1194 856 1244 te
879 1171 993 1244 facere
1015 1173 1187 1265 judicem,
1211 1171 1315 1265 quim
1344 1190 1383 1243 ut
1401 1171 1440 1243 id
1463 1173 1560 1264 quod
1582 1174 1655 1267 agis
1684 1169 1760 1245 effi·

563 1277 653 1357 cias,
678 1272 748 1343 hoc
767 1266 816 1339 est
841 1289 881 1341 ut
907 1290 1078 1353 amorem,
1103 1286 1205 1361 quem
1236 1290 1282 1339 ex
1305 1288 1367 1340 tua
1391 1268 1603 1362 partemihi
1628 1266 1757 1357 offers,

561 1368 747 1461 gratiorem
772 1364 857 1435 mihi
881 1362 1014 1437 facias?
1040 1360 1120 1457 Ego
1143 1366 1230 1437 verd
1258 1384 1357 1435 tanto
1381 1363 1636 1437 tuae-andcitiae
1659 1367 1758 1459 eupi-

564 1465 640 1535 dior
658 1460 730 1545 fui,
744 1480 875 1553 quanto
890 1480 925 1531 te
941 1458 1075 1551 semper
1089 1459 1201 1551 pluris
1217 1456 1296 1530 feci.
1331 1457 1387 1529 Ac
1400 1458 1497 1553 prior
1516 1461 1620 1531 etiam
1634 1462 1757 1535 eadem

564 1559 608 1632 de
623 1554 720 1631 causa
731 1556 775 1627 ad
794 1578 827 1629 te
848 1552 982 1648 scripli,
1009 1575 1206 1649 quanquam
1222 1577 1293 1626 tuae
1315 1555 1426 1626 literae
1447 1554 1576 1625 nullam
1605 1578 1759 1628 mearum

564 1654 772 1725 mentionem
807 1648 962 1733 faciant,
996 1672 1036 1720 ut
1067 1671 1126 1720 aut
1158 1646 1374 1721 intercediffe
1403 1670 1459 1722 eas
1498 1649 1758 1724 tabellariorum

566 1748 711 1843 persidia
717 1766 813 1855 ,aut
841 1742 945 1817 serius
970 1744 1119 1816 redditas
1150 1740 1394 1816 elie‘credam.
1443 1741 1535 1814 Nam
1560 1748 1658 1838 quod
1679 1748 1759 1819 ideo
1882 1731 1888 1768 ²

567 1843 789 1927 subticueris,
821 1862 860 1911 ut
886 1838 1027 1911 videare
1059 1838 1159 1910 nobis
1181 1841 1217 1910 in
1241 1841 1312 1911 hoc
1334 1836 1563 1912 conciliandae
1595 1842 1758 1915 amicitiae

533 1938 687 2013 officio
716 1933 953 2032 praevertisse,
979 1956 1178 2030 quanquam
1209 1934 1257 2007 est
1280 1935 1338 2006 ille
1370 1956 1441 2007 non
1467 1934 1612 2008 omnino
1648 1940 1760 2009 malua
1885 1919 1889 2012 ἶ

569 2038 691 2117 dolos,
715 2052 829 2105 tamen
843 2072 846 2077 ·
860 2052 925 2123 ego
955 2032 999 2101 de
1021 2049 1057 2103 te
1093 2026 1130 2100 id
1163 2027 1326 2124 suspicari
1352 2050 1423 2100 non
1451 2027 1596 2124 possum.
1646 2031 1769 2129 Quod=

570 2133 657 2205 verb
683 2130 719 2203 in
737 2148 808 2221 tuae¹
823 2123 971 2199 fortunae
989 2148 1070 2199 cum
1084 2125 1205 2219 primis
1222 2128 1323 2196 lautae
1344 2124 1551 2199 societatem¹
1564 2148 1621 2199 me
1634 2148 1761 2213 vocar,

570 2226 606 2299 id
623 2223 733 2319 reipsa
747 2222 887 2317 quidem
906 2242 1011 2315 quam
1034 2240 1197 2314 magnum
1216 2219 1257 2290 srt
1275 2240 1381 2313 atque
1412 2223 1514 2295 etiam
1530 2242 1662 2312 rarum,
1685 2246 1759 2297 non

570 2324 760 2415 equidemi
788 2338 885 2391 noro.
936 2313 1007 2387 Sed
1023 2317 1060 2387 id
1085 2319 1195 2386 multo
1216 2316 1326 2409 pluris
1350 2314 1469 2403 facio,
1488 2314 1581 2407 quod
1596 2318 1642 2387 in
1670 2318 1763 2405 iute-

572 2419 700 2491 riorem
717 2340 866 2509 peboris
886 2428 1022 2507 partem
1047 2432 1102 2481 me
1132 2412 1315 2504 recipere,
1349 2409 1681 2505 predosistmamque
1706 2412 1763 2486 su·

574 2512 756 2607 peilesiilia
776 2527 847 2581 tuae
870 2526 1026 2601 partem,
1055 2507 1126 2578 boc
1149 2506 1198 2578 est
1219 2508 1347 2603 ingenii
1374 2508 1423 2577 tui
1448 2509 1610 2600 praeclara
1637 2530 1760 2580 monu-

552 2630 719 2690 menta,
753 2603 1010 2677 communicare
1046 2603 1147 2674 nobis
1184 2624 1257 2687 uon
1296 2598 1496 2695 dedignere.
1547 2600 1760 2697 Quanquam

466 2732 469 2739 ¹
578 2704 814 2776 conditionem
841 2693 1018 2791 adjecisti,
1041 2694 1067 2767 fi
1091 2718 1159 2791 ego
1179 2694 1351 2790 Jsogogimr
1374 2690 1484 2769 libror
1503 2698 1548 2769 ad
1564 2718 1599 2768 te
1618 2698 1761 2790 misero,

571 2801 622 2869 de
638 2798 761 2888 quibus
785 2816 896 2887 nuper
923 2789 1098 2885 copiofius
1123 2814 1179 2862 me
1204 2790 1442 2884 responsurum
1461 2791 1544 2875 ,sum
1572 2795 1762 2887 pollicitus.

578 2888 746 2966 Traiiavi
763 2890 903 2981 quidem
922 2888 1005 2959 olim
1026 2889 1063 2957 in
1082 2884 1200 2959 Gallia
1228 2889 1296 2959 hoc
1321 2908 1561 2981 argumentum
1590 2886 1762 2964 suecifivis

578 2988 692 3069 horis,
719 2984 897 3078 quomodo
914 2982 1079 3055 videlicet
1092 2981 1352 3072 Jureoonsultus
1367 2982 1495 3054 institui
1518 2983 1675 3057 deberet.
1715 2984 1765 3059 Et
1891 3042 1893 3067 ,

521 3170 523 3175 ,
578 3080 743 3176 ipserum
762 3076 924 3171 privatim
953 3074 1183 3151 adolescentes
1208 3078 1343 3171 aliquot
1364 3079 1401 3149 in
1423 3074 1504 3168 Jure
1527 3077 1763 3168 instituebam,
1891 3084 1893 3131 ἓ

579 3170 894 3251 undeoccasronem
909 3168 1079 3244 scribendi
1095 3170 1274 3267 capiebam
1285 3226 1294 3261 ,
1305 3171 1483 3267 tribusque
1499 3174 1597 3247 libris
1614 3176 1765 3249 delinea-
1852 3238 1861 3245 .

581 3296 654 3345 ram
678 3273 828 3363 aliquam
841 3266 1231 3353 instituendi·formam,
1257 3268 1377 3340 rudem
1406 3268 1546 3361 quidem
1571 3270 1608 3343 δι
1637 3272 1765 3365 imper·

581 3366 727 3449 seuam,
752 3388 795 3436 eo
813 3360 954 3435 consilio
974 3382 1015 3433 ut
1031 3384 1111 3434 cum
1128 3382 1286 3455 tempore
1307 3364 1505 3451 accedente,
1515 3365 1666 3461 judicio,
1691 3389 1765 3461 quo
1885 3426 1893 3453 ,

582 3464 728 3533 maxime
749 3482 789 3541 ea
803 3460 838 3529 in
853 3481 890 3531 re
918 3480 1009 3550 opus
1026 3454 1092 3532 elle
1111 3458 1294 3541 videbam,
1319 3460 1549 3553 corrigerem,
1572 3480 1762 3546 mutarem,

582 3556 766 3641 adderem,
793 3574 868 3649 quae
892 3554 1097 3646 posteriores
1116 3555 1235 3624 darent
1246 3553 1483 3646 cogitationes.
1531 3553 1609 3629 Ubi
1631 3557 1713 3628 veni
1728 3559 1765 3628 iu

582 3653 735 3737 Italiam,
760 3668 863 3743 atque
886 3649 1030 3721 omnino
1048 3648 1143 3719 aliud
1162 3646 1311 3720 docendi
1335 3670 1445 3743 genus
1462 3650 1506 3722 ab
1532 3650 1594 3722 illo
1622 3644 1766 3724 Gallico

586 3744 653 3821 effe
679 3741 885 3825 observavi,
908 3744 1073 3836 variaque
1109 3743 1295 3819 multorum
1322 3742 1503 3817 deuotum
1529 3747 1663 3841 judicia
1692 3747 1767 3823 sum
1817 3741 1822 3750 '

587 3842 837 3937 perscrutatur,
868 3840 918 3909 ita
953 3836 996 3910 de
1018 3838 1177 3915 omnbus
1201 3860 1290 3932 pene
1314 3841 1448 3933 mutavi
1477 3836 1700 3935 sententiam,
1726 3856 1770 3915 ut

586 3959 701 4013 totum
728 3957 817 4029 opus
838 3934 926 4007 mihi
951 3934 1177 4014 retexendum
1209 3934 1398 4007 ducerem,
1433 3934 1488 4007 Ac
1519 3933 1605 4009 tur'rc
1625 3958 1799 4030 quoque,
1891 4002 1893 4017 ,

588 4028 696 4105 visum
710 4032 795 4105 mibi
809 4030 879 4114 est,
902 4051 983 4123 quae
1008 4049 1108 4103 antea
1134 4032 1296 4103 continua
1318 4032 1484 4103 orationis
1505 4028 1591 4103 serie
1612 4046 1767 4125 exporre-
1791 4051 1801 4117 j

587 4128 687 4211 bam,
712 4128 747 4197 in
771 4122 979 4218 dialogismum
1004 4148 1227 4201 commutare.
1254 4124 1362 4197 *Non
1379 4130 1490 4202 modo·
1514 4127 1677 4221 quoniam
1699 4127 1772 4203 hoc

589 4218 700 4295 aufert
719 4222 859 4295 tedium
872 4218 1012 4301 leuiori,
1035 4221 1155 4293 verum
1164 4223 1343 4315 quoniam
1358 4220 1406 4295 lic
1420 4224 1637 4307 commodine
1652 4223 1770 4297 diver·

589 4316 636 4391 sae
650 4314 767 4391 eadem
793 4318 899 4393 dere
923 4312 1099 4393 sententiae
1120 4334 1394 4412 proponuntur,
1423 4316 1618 4429 de'rquibur
1646 4314 1773 4487 Ιεῗὲή

553 4446 557 4453 .
615 4466 619 4478 Ι
1739 4436 1775 4487 e,
