3967 5167
543 470 601 587 46
656 460 901 563 vrourr
930 485 998 553 aa
1026 454 1286 555 auran
1319 454 1692 553 zurcrranrr

547 660 698 736 cundior
722 676 766 731 ex
790 659 935 729 vivente
959 651 1122 741 stabius,
1156 670 1253 724 tanto
1284 651 1524 728 vehementior
1555 650 1607 725 est
1628 674 1673 725 ex
1695 651 1756 727 de·

547 756 659 831 functi
677 752 841 829 desiderio
863 746 1044 825 acerbitas.
1095 746 1145 819 Et
1163 747 1241 821 haec
1261 768 1480 823 nostratum
1501 747 1756 844 benevolentiae

548 872 679 925 mutuae
710 848 875 944 proaemia
907 844 974 919 else
1007 842 1243 929 volebamus,
1274 863 1585 939 conveneratque,
1620 843 1756 925 mnata

551 966 655 1022 aetate
678 946 716 1023 ἃ
739 943 925 1017 constituta
948 939 1125 1035 utriusque
1147 938 1316 1030 fortuna,
1347 942 1516 1013 celebrem
1564 940 1756 1035 aliquando

523 1088 538 1103 κ-
551 1044 739 1116 amicitiam
774 1037 924 1111 nostram
965 1036 1145 1119 reddere,
1178 1033 1217 1107 dr
1247 1038 1338 1111 inter
1367 1035 1530 1108 cariffima
1560 1037 1754 1110 amicorum

550 1140 711 1231 exempla
735 1137 876 1207 nomina
898 1129 1069 1227 proferre.
1126 1130 1284 1205 Tantum
1307 1130 1486 1219 frustum,
1517 1149 1630 1205 tantas
1658 1130 1757 1229 spes,

550 1234 708 1307 crudeles
732 1230 853 1303 Parcae
877 1248 949 1301 tam
972 1224 1157 1303 immature
1188 1224 1451 1320 praesciderunt.
1510 1224 1651 1301 Omitto
1675 1250 1758 1322 quae

550 1332 595 1403 ad
619 1352 675 1400 me
700 1326 866 1422 privatim
895 1325 1086 1420 pertinent.
1148 1321 1334 1416 Quantum
1355 1328 1394 1395 in
1418 1346 1462 1396 eo
1485 1320 1651 1397 Flandria
1673 1326 1759 1397 ami·

552 1422 613 1497 srt!
638 1424 733 1517 Quae
757 1439 850 1497 certe
870 1420 1003 1493 nullum
1027 1417 1337 1515 inpraesentiarum
1357 1414 1613 1514 generosiorem
1633 1418 1759 1493 foetum

552 1519 678 1594 alebat.
720 1516 865 1605 Quanta
888 1516 981 1588 enim
1004 1518 1041 1588 in
1064 1518 1127 1590 illo
1150 1513 1308 1601 indoles,
1332 1515 1438 1609 quam
1460 1516 1639 1589 dexterum
1662 1514 1762 1610 inge-

552 1618 670 1689 nium!
695 1610 840 1703 Quanta
870 1609 1108 1700 foecunditas,
1141 1608 1355 1705 prudentia,
1385 1608 1519 1707 gratia!
1557 1609 1652 1705 Quae
1675 1608 1760 1708 styli

552 1708 737 1795 soelicitas,
767 1706 870 1803 quim
900 1708 1024 1781 exusta
1046 1704 1252 1802 &syncera
1280 1707 1365 1801 juris
1396 1704 1560 1781 scientia!
1587 1704 1698 1801 Quod
1721 1708 1759 1781 in

554 1802 780 1881 tenebricosrs
801 1806 920 1899 legum
944 1805 1138 1897 aenigmatis
1161 1801 1360 1875 erudiendis
1383 1800 1422 1873 &
1445 1802 1660 1877 elucidandis
1677 1824 1757 1879 acu·

553 1907 653 1976 men!
678 1900 728 1973 Et
757 1906 836 1975 haec
859 1898 978 1973 omnia
995 1900 1032 1971 in
1052 1921 1094 1975 ea
1117 1914 1239 1981 aetate,
1266 1898 1325 1971 cui
1347 1897 1485 1971 Praetor
1511 1894 1620 1993 lapsae
1641 1900 1759 1974 adbuc

554 1996 740 2071 subvenire
755 1994 855 2070 solet.
904 1992 986 2067 Scio
1005 1992 1087 2069 edm
1104 1996 1183 2068 haec
1204 2012 1459 2077 commemoro,
1483 1994 1682 2089 lachrymas
1702 2016 1759 2071 tne

556 2094 624 2169 tibi
642 2095 815 2168 excitare:
838 2088 898 2163 sed
914 2087 1000 2183 quid
1022 2093 1107 2164 vis?
1132 2088 1213 2163 Nec
1236 2086 1309 2185 ipse
1327 2092 1406 2165 haec
1421 2088 1490 2165 sine
1508 2088 1661 2185 suspiriis
1680 2088 1760 2165 scri·

558 2192 618 2263 bo.
669 2186 816 2263 Utinam
832 2180 997 2281 paruisset
1014 2209 1092 2260 meo
1110 2183 1275 2272 consilio,
1300 2188 1396 2280 quia
1413 2182 1509 2259 fatali
1526 2185 1686 2261 Taurino
1706 2205 1761 2259 to-

559 2288 625 2359 ties
643 2308 722 2361 eum
737 2304 902 2359 revocare
919 2281 993 2353 sum
1014 2300 1170 2359 conatus.
1221 2282 1280 2353 Sic
1297 2283 1388 2353 enim
1404 2302 1482 2355 eum
1502 2278 1631 2355 salvum
1645 2283 1762 2357 adhuc

538 2378 735 2454 -vislnrum
758 2400 901 2453 autumo
927 2374 1013 2470 (nisr
1046 2379 1164 2452 omnia
1186 2377 1222 2448 in
1242 2374 1323 2448 fatis
1346 2398 1477 2471 ponere
1500 2376 1760 2546 wmmmgqffoe

496 2560 499 2569 .
555 2480 601 2561 ,δι
620 2478 688 2549 tuis
706 2475 809 2549 rebus
827 2467 1062 2561 consuluisset,
1086 2493 1153 2547 nec
1171 2472 1301 2551 amicos
1315 2474 1351 2545 in
1369 2472 1614 2546 acerbissimum
1628 2476 1663 2547 lu
1724 2498 1759 2547 m

490 2658 493 2663 ,
561 2569 771 2668 conjecisset.
820 2568 931 2658 Quod
953 2568 997 2643 de
1011 2569 1128 2642 animo
1144 2566 1249 2664 ipsr'us
1266 2592 1286 2645 a
1304 2588 1340 2642 te
1349 2570 1499 2643 alienato
1515 2572 1756 2665 conquereris,

563 2688 636 2741 non
651 2667 787 2762 polium
804 2667 956 2739 credere.
1010 2664 1111 2757 Quin
1129 2666 1246 2760 potius
1263 2664 1434 2750 arbitror,
1459 2664 1647 2763 praesagam
1667 2690 1762 2741 men·

564 2784 635 2837 tem
653 2764 735 2835 inde
755 2782 790 2834 te
805 2758 949 2834 voluisse
967 2762 1159 2848 deterrere,
1184 2758 1277 2833 unde
1296 2758 1357 2832 fibi
1373 2763 1499 2834 malum
1523 2762 1760 2855 impendebat.

565 2860 706 2934 Cornelio
723 2854 914 2932 subirascor
933 2854 1055 2951 quide
1074 2856 1148 2953 ejus
1165 2878 1278 2931 morte
1298 2856 1384 2928 nihil
1403 2858 1529 2929 adme.
1565 2857 1695 2955 Rogo,
1714 2860 1762 2957 nri

562 2957 707 3039 Antoni,
733 2974 773 3026 nt
791 2974 869 3047 quae
889 2971 1143 3026 commentatus
1160 2950 1227 3039 est,
1253 2972 1401 3047 queque
1422 2953 1622 3037 annotavit,
1647 2978 1689 3027 ea
1705 2978 1763 3029 cn·

563 3050 619 3124 res
631 3052 815 3143 diligenter
831 3046 1044 3133 conservari,
1061 3071 1133 3141 quo
1150 3048 1337 3143 aliquando
1348 3048 1527 3143 videamus
1549 3048 1657 3123 unafi
1676 3051 1762 3147 quid

500 3143 513 3151 ’
563 3149 630 3219 erit
647 3168 717 3242 quo
735 3142 841 3242 ipsrus
868 3144 1066 3218 memoriam
1094 3142 1346 3219 conservemus.
1394 3142 1484 3219 Cum
1510 3145 1647 3219 Ranicrrs
1671 3146 1765 3241 apud

564 3266 643 3317 eum
660 3240 761 3326 esset,
787 3238 1029 3315 convalescere
1055 3241 1260 3325 videbatur,
1285 3241 1439 3313 nondum
1461 3258 1576 3313 tamen
1593 3243 1762 3316 valetudo

562 3336 718 3425 ferebat,
744 3357 784 3411 ut
809 3336 995 3433 quicquam
1019 3336 1065 3407 ad
1090 3360 1146 3409 me
1173 3334 1357 3419 scriberet,
1381 3356 1516 3408 tantum
1529 3336 1765 3430 jubebat,⁴¹ut

567 3435 674 3507 libros
691 3432 827 3509 cuidam
847 3430 1052 3505 Taurinensr
1070 3432 1285 3504 Scirolastico
1304 3430 1399 3511 adse
1418 3434 1589 3509 curandos
1610 3436 1764 3507 commit·

565 3550 697 3616 terem,
724 3524 819 3623 quod
835 3553 879 3601 ex
903 3526 1053 3600 Florentii
1077 3525 1113 3597 &
1142 3526 1287 3600 aliorum
1308 3529 1497 3599 amicorum
1520 3526 1663 3603 consrlio
1686 3528 1765 3608 feci.

567 3624 679 3720 Cujus
696 3648 750 3699 me
762 3622 1047 3718 modopoenitet,
1058 3646 1183 3695 vereor
1199 3624 1291 3696 enirn
1310 3646 1352 3718 ne
1368 3626 1430 3696 illo
1444 3645 1583 3699 mortuo
1600 3648 1765 3721 pereant,

567 3743 767 3818 quanquam
786 3743 847 3793 eos
864 3738 967 3815 potes
985 3717 1029 3789 ab
1049 3716 1192 3807 Cneisrlio
1219 3721 1377 3815 exigere,
1403 3721 1447 3791 ad
1471 3744 1573 3813 quem
1601 3744 1662 3795 eos
1687 3744 1767 3817 pur-

565 3818 695 3891 venisse
717 3817 876 3891 arbitror.
926 3812 1043 3889 Velim
1061 3816 1184 3903 etiam,
1209 3817 1257 3888 mi
1276 3818 1416 3899 Antoni,
1441 3838 1563 3907 eures,
1586 3837 1624 3888 ot
1639 3816 1767 3911 episto·

564 3916 616 3987 las
635 3936 721 4006 quas
741 3909 881 3985 diverfis
908 3910 1125 4004 temporibus
1142 3911 1184 3983 de
1210 3914 1314 3985 variis
1332 3911 1377 3983 ad
1400 3934 1479 3983 eum
1500 3916 1626 3995 rebus,
1650 3916 1696 3987 de
1713 3914 1769 4007 jo·

567 4012 639 4093 cis,
664 4006 823 4103 seriisque
839 4009 941 4093 dedi,
966 4009 1173 4102 conquiras,
1198 4030 1267 4081 nec
1292 4011 1328 4079 in
1348 4007 1493 4078 aliorum
1511 4032 1632 4083 manus
1650 4013 1770 4084 uenire
1838 4080 1841 4086 .

566 4104 676 4192 finas,
702 4106 772 4177 hoc
789 4104 880 4178 enim
897 4126 973 4175 mea
988 4104 1090 4175 valde
1112 4100 1263 4175 interest.
1315 4099 1425 4185 Vale,
1448 4106 1497 4176 mi
1515 4108 1657 4190 Arroni,
1682 4107 1720 4179 &
1744 4104 1770 4179 fi

565 4202 662 4296 quod
678 4198 722 4275 de
746 4199 848 4273 rebus
864 4199 970 4293 ipsius
995 4196 1146 4287 habeas,
1170 4196 1228 4273 fac
1254 4222 1308 4274 me
1321 4198 1511 4275 certiorem
1529 4201 1679 4299 quaesoq
1707 4203 1773 4299 Pa·

529 4298 653 4375 rtavii
677 4318 730 4373 vr.
757 4294 929 4372 Calendas
953 4293 1106 4387 Januarii
1132 4311 1238 4387 153²·
1666 4378 1704 4469 E·
1744 4348 1762 4467 ‚I
