3967 5167
342 514 535 611 eursu.
565 511 873 611 sutucru
898 538 967 609 m
995 516 1328 622 otvunson
1394 563 1413 623 1
1420 561 1446 651 ς

82 776 83 783 r
162 724 164 727 ’
295 714 562 811 rabiliringeuii
586 708 860 791 tuiertcellenti'a
883 714 1084 812 quotidiana
1106 722 1199 796 illius
1223 725 1441 820 praedicatio.

286 814 396 887 ullius*
420 832 516 885 certe
545 814 606 885 ille
632 833 693 886 aut
714 810 839 907 saepiut
863 834 925 885 aut
950 816 1236 899 honorificentius
1260 827 1441 914 meminit,

242 932 348 1005 quarn
364 912 505 1001 Erasini.
519 907 638 981 nostri.
687 907 747 981 stc
767 912 860 983 enim
882 909 954 985 sese
972 910 1067 1007 quast
1081 916 1118 985 in
1136 937 1299 992 numeros
1314 922 1351 994 ἂ
1370 942 1441 997 ma·-

240 1008 403 1079 triculam
424 1026 494 1079 tuae
511 1007 646 1101 militiae
668 1003 787 1079 refert.
824 1005 942 1079 :Nosti
959 1026 1110 1101 veterem
1136 1016 1312 1105 querelam
1336 1019 1440 1113 hujur

239 1102 398 1177 nationis'
417 1100 569 1177 Gallicae
590 1131 604 1187 ,
625 1124 709 1197 ¹quae
734 1098 867 1180 tautum
894 1124 966 1174 non
990 1104 1176 1179 interdisto
1205 1109 1441 1201 polleffionem

82 1186 83 1189 ¹
236 1200 502 1273 annotationum
518 1200 556 1271 iu
574 1198 764 1271 Pandedias
784 1198 935 1271 Guilelmi.
952 1200 1062 1270 Budoet'
1085 1202 1129 1274 ab
1155 1204 1280 1277 Alcioto
1304 1208 1439 1300 aderit,

82 2310 84 2365 J
230 2348 334 2423 blicis
357 2351 370 2435 l

238 1292 336 1390 quali
355 1296 433 1367 ille
453 1290 680 1388 jure‘omnia
702 1294 912 1387 occuparit,
946 1296 1035 1367 nihil
1057 1296 1171 1373 laudis
1189 1299 1288 1381 ¹ltulc
1318 1303 1439 1379 nostro

237 1394 450 1487 relinquens.
485 1386 610 1463 Nune
641 1410 755 1466 tamen
790 1388 943 1463 induciae
982 1388 1051 1462 elle
1089 1392 1279 1485 videntur,
1310 1439 1314 1446 »
1347 1422 1438 1474 uant-

233 1508 342 1581 quam
377 1508 450 1561 non
473 1484 595 1561 desunt
622 1486 683 1579 qui
717 1486 871 1581 reliquos
890 1485 1020 1559 Galliae
1044 1488 1253 1581 professores
1274 1423 1436 1569 exstimu-

198 1586 207 1601 '
233 1586 332 1663 lent,
358 1604 398 1655 ut
417 1581 508 1653 Italo
526 1582 661 1655 homini
691 1584 838 1675 gloriam
862 1582 952 1654 hanc
968 1584 1147 1676 ,eripiant
1196 1584 1255 1659 Ex
1278 1585 1356 1666 hoc·
1374 1615 1436 1687 ge.

233 1700 319 1752 nere
335 1696 448 1771 nuper
472 1676 614 1772 quidam
634 1674 890 1754 Aurelianensis
909 1674 1063 1763 Dob‘ior,
1089 1682 1206 1753 Petrus
1235 1686 1335 1757 Stella
1358 1710 1437 1782 gra-

232 1774 292 1849 via
315 1773 563 1857 minitabatur,
590 1772 727 1869 jamque
754 1774 853 1845 litem
880 1772 1116 1848 denuntiabat
1167 1776 1286 1867 Quem
1317 1800 1433 1859 tamen

129 1896 133 1899 ·
158 1936 163 1941 .
233 1868 282 1944 fic
303 1867 517 1979 compescuit
533 1868 699 1957 Alcimus,
723 1889 764 1941 ut
781 1863 909 1945 Gallus
927 1872 985 1946 rel
1005 1870 1041 1941 in
1056 1869 1119 1944 suo
1136 1872 1352 1971 sterquilinio
1369 1880 1435 1951 ite-

231 1988 313 2039 tum
331 1966 542 2038 inlriirenon
561 1964 697 2037 audeat
745 1963 1146 2040 Meliorem-litterarum
1170 1972 1284 2044 lucem
1307 1976 1433 2047 mirum

233 2064 289 2136 est·
309 2064 368 2135 hle
386 2082 457 2133 tarn
474 2082 605 2155 paucos
632 2060 747 2133 adhuc
775 2061 970 2135 admittere.
997 2104 1001 2110 ·
1021 2058 1121 2151 Quin
1144 2068 1250 2140 etiam
1263 2064 1348 2140 -sunt
1371 2072 1435 2164 qui

233 2154 301 2253 ipsr
317 2158 443 2230 Alcinio
457 2156 638 2251 puriorem
654 2152 841 2229 distionem
855 2158 949 2229 xvitio
963 2176 1099 2234 vertere
1115 2160 1278 2235 audeaut,-
1301 2162 1434 2259 Quam·

232 2274 337 2348 quam
389 2252 486 2419 ppod
507 2251 665 2324 miraculi
687 2252 790 2327 nobis
814 2250 916 2325 instar
931 2252 1006 2347 est)
1031 2249 1081 2327 fic
1093 2258 1209 2351 potest
1234 2260 1294 2331 ille
1316 2264 1354 2331 in
1369 2282 1435 2357 pu·

372 2372 391 2422 e
428 2346 566 2424 ionibus
583 2346 683 2443 loqui
698 2346 920 2431 Bartholice,
944 2350 1039 2423 utin
1064 2352 1190 2425 eodem
1207 2355 1293 2428 ludo
1316 2359 1436 2431 videa&

230 2464 290 2518 tur
308 2446 518 2517 institurum,
549 2443 688 2517 Iterum.
716 2446 875 2539 privatus
904 2441 1018 2518 sermo
1039 2440 1094 2519 fio
1108 2444 1156 2519 est
1187 2451 1337 2523 mundus
1357 2474 1434 2538 ,ut

228 2539 311 2637 ipso
337 2538 524 2618 Caballiito
552 2536 652 2639 fopte
668 2540 775 2611 ¹labra
805 2534 970 2633 proluiilb
1000 2542 1171 2614 videatur.
1221 2542 1433 2621 Divinorunr

229 2656 377 2709 urorum
389 2652 693 2707 monumentomm
711 2654 856 2727 maguus
871 2634 1061 2709 admirator
1079 2638 1148 2725 est,
1172 2640 1432 2737 necquidquam

207 2728 386 2807 *maerim
408 2733 530 2827 potuit
550 2726 667 2824 legille
692 2727 882 2805 Chilitdes,
923 2730 1434 2830 .Quanmrrtto„judiciotrt>

201 2828 352 2917 ‚buat,.
365 2848 478 2923 nuper
503 2848 550 2899 ex
573 2826 723 2921 quodam
743 2822 855 2921 ipsius
884 2822 1049 2923 responso
1073 2830 1142 2927 (ut
1168 2830 1433 2922 Jureconsulto·

174 2944 181 2951 ·
228 2938 309 2997 rum
327 2944 423 2999 more
440 2924 588 3019 loquar)
614 2923 783 3018 cognovi·
805 2920 984 2995 Literutor
1003 2921 1144 3019 quidam
1165 2926 1344 3016 Dolanus,
1368 2931 1432 3025 qui

227 3017 430 3111 Pontifirirtrn
445 3017 682 3115 apud-Aulum
694 3016 865 3091 Gellium
880 3018 1237 3098 volebatsubvertere
1245 3074 1257 3111 ,
1282 3048 1355 3099 non
1372 3045 1430 3099 act

158 3148 162 3157 ·
227 3113 411 3211 quiescent
426 3114 716 3201 tuteseuueutiae,
728 3134 779 3187 :ut
794 3111 990 3209 suffugerat
1009 3114 1201 3213 sponfionir
1212 3124 1434 3204 condemna·

88 3288 90 3295 ,
227 3212 361 3285 donem
385 3210 639 3308 (contenderat
664 3212 755 3283 enim
788 3204 927 3302 officium
954 3209 1022 3285 elle
1045 3214 1079 3287 le
1103 3214 1432 3309 endum-Alcimum

226 3238 1193 3497 tltldlllllznllldlillabili
1218 3310 1432 3503 ,aaut

1042 3455 1054 3490 ,
1419 3449 1435 3464 .

227 3522 288 3571 mo
307 3502 461 3592 placuit,
486 3524 553 3595 ego
569 3497 743 3573 dillentire
756 3519 826 3572 non
847 3496 971 3573 debeo.
1023 3498 1100 3573 Htc
1117 3502 1203 3573 mihi
1220 3502 1356 3597 Lydius
1382 3504 1432 3577 la-

226 3594 286 3689 pis
308 3592 368 3667 est.
426 3594 483 3669 Sic
510 3594 682 3669 curiosum
716 3592 996 3670 Grammaticum
1017 3597 1221 3688 damnavit,
1252 3601 1434 3694 vulgarem

82 3760 84 3771 ,
133 3781 134 3785 ¹
224 3687 412 3765 ludilonem
431 3690 638 3765 confirmans
662 3691 767 3765 etiam
785 3692 932 3785 quadam
952 3688 1171 3765 Constantini
1187 3694 1432 3771 constitutione

226 3787 390 3861 debonis
408 3788 573 3859 maternis
593 3788 630 3857 in
642 3784 778 3859 Codice
800 3784 1073 3875 Theodosiano,
1097 3790 1160 3861 ubi
1166 3788 1301 3882 fruendi
1320 3790 1431 3864 Ponti·

217 3880 335 3986 fitium
351 3882 487 3977 legitur.
538 3880 653 3959 Nimis
673 3882 816 3978 ,quidem
835 3883 913 3956 haec
932 3887 1065 3968 multa,
1090 3884 1149 3957 sed
1173 3886 1323 3961 libenter
1341 3910 1435 3961 com·

82 3976 84 3999 “
226 3996 389 4051 memoro
409 3967 503 4073 apud
532 3998 567 4051 te
593 3974 675 4063 ista,
701 3977 773 4072 qud
794 3976 859 4049 tibi
875 3976 1067 4052 studiorum
1089 4001 1248 4055 meorum
1266 3973 1435 4057 rationem

227 4076 350 4159 edam,
376 4096 456 4170 quae
473 4077 590 4147 multo¹
602 4070 903 4169 mihiprosperius
917 4072 1083 4149 videntur
1127 4077 1295 4172 rocedere
1313 4078 1434 4153 subeo

226 4192 474 4267 praeceptore,
508 4168 570 4266 qui
599 4188 633 4241 te
655 4170 772 4241 omnis
804 4168 970 4243 dodrinae
1001 4173 1077 4245 veri
1112 4192 1206 4246 mum
1236 4176 1434 4270 principem

227 4289 368 4351 mecum
389 4264 569 4363 agnoscit,
594 4268 707 4352 colit,
733 4286 846 4351 amat,
882 4286 988 4361 atque
1011 4289 1206 4343 veneratur.
1260 4269 1378 4364 Quarti
1394 4290 1435 4343 tu

227 4384 317 4441 vero
341 4385 395 4437 me
411 4364 605 4441 constanter
622 4362 746 4461 diligas
776 4384 889 4461 nuper
914 4384 957 4437 ea
984 4364 1139 4461 Sucqrrto
1155 4367 1335 4458 intellexi,
1362 4384 1435 4461 quo

1372 4455 1435 4581 etii
1484 4499 1486 4512 ι
