3967 5167
528 480 607 585 rna
633 468 868 576 vrumr
894 492 963 562 nn
989 420 1245 561 Arrun
1279 464 1649 561 zurctrnntr

527 682 623 753 mur,
647 662 750 759 quim
768 663 977 757 quotidianis
995 662 1192 755 experimur
1203 648 1382 751 exemplis.
1418 655 1530 731 'Ecce
1545 662 1636 734 enim
1651 661 1717 735 isso

528 760 646 836 nostro
665 760 793 851 Georgia
811 758 989 843 Hermanno
1007 757 1089 839 tibi,
1115 756 1267 846 mihique
1286 754 1460 827 communi
1476 754 1605 842 amico,
1632 760 1722 850 quid

528 856 615 952 fingi
630 856 746 949 potuit
763 856 901 933 melina,
917 849 1114 943 synceriun,
1128 849 1400 933 inmanium-aut
1415 845 1578 923 suaviori
1604 851 1723 945 Quid·

529 974 609 1023 nam
628 948 791 1043 estquod
810 944 1017 1019 confiderari
1032 946 1069 1015 in
1087 965 1131 1015 eo
1151 942 1406 1035 queat'officiii
1430 944 1467 1013 in
1482 966 1558 1038 quo
1581 948 1724 1040 quidem

530 1047 597 1129 ille,
620 1060 690 1115 non
716 1042 816 1113 amici
842 1039 947 1113 modo
963 1039 1529 1131 voluntatem-quomodocunque·
1546 1043 1726 1135 cognitam

528 1129 646 1213 sedulo
663 1138 809 1230 exequi,
832 1132 891 1207 sed
914 1134 1107 1225 praevenire
1135 1134 1239 1205 etiam
1262 1133 1403 1225 cupiat,
1428 1131 1509 1205 crim
1530 1135 1619 1230 ipsas
1644 1142 1732 1231 gia-s

530 1233 682 1323 tisrcandi
698 1233 809 1303 amico
827 1227 1025 1301 ocoassones
1047 1248 1180 1321 quaerat
1195 1225 1344 1299 studiose
1354 1280 1365 1316 ,
1389 1228 1427 1299 δι
1445 1227 1727 1322 perspeiiaeant

531 1331 662 1400 amatas
677 1326 828 1397 fideliter
845 1325 912 1395 arri
939 1325 1007 1408 iat,
1027 1334 1136 1415 atque
1161 1325 1345 1415 provehat.
1373 1322 1461 1393 Tibi
1481 1326 1623 1415 quidem
1635 1350 1723 1401 cum

530 1422 606 1517 ipso
623 1422 737 1514 *major
761 1437 873 1491 renen
931 1442 972 1490 us
993 1417 1195 1501 intercedit,
1219 1440 1285 1489 nec
1306 1418 1431 1490 dubito
1447 1420 1540 1510 -quin
1577 1440 1617 1492 tu
1641 1441 1722 1494 enm

413 1588 431 1609 l
531 1519 653 1589 meiius
667 1509 882 1611 pentiusque
899 1510 1018 1584 nostae
1038 1511 1144 1604 quim
1161 1525 1251 1604 ego,
1275 1511 1334 1585 sed
1351 1515 1406 1583 -de
1425 1530 1486 1584 ¹me
1501 1515 1570 1587 hoc
1588 1534 1725 1590 tantum

532 1614 644 1683 dicam
656 1660 667 1694 ,
692 1610 753 1681 ubi
769 1608 872 1679 semel
896 1607 940 1678 ab
966 1608 1028 1676 ilio
1045 1606 1080 1676 in
1108 1608 1290 1679 amicitiam
1322 1623 1482 1699 receptus
1504 1605 1598 1696 sum,
1621 1610 1723 1682 fami·

532 1707 785 1798 liaritatemque
814 1708 967 1775 mutuam
997 1701 1115 1773 crebra
1144 1704 1321 1773 literarum
1346 1704 1613 1796 communicatio
1636 1728 1723 1777 corr.

531 1798 721 1887 stabilivit,
745 1820 815 1871 non
831 1799 1008 1889 vulgarem
1019 1818 1075 1867 me
1091 1796 1207 1867 animo
1217 1794 1353 1889 coepisie·
1368 1796 1607 1888 voluptatem,
1624 1798 1724 1872 Deo·

557 1916 600 1965 ue
614 1894 707 1987 sipt.
740 1894 865 1987 gratias
893 1888 996 1984 egisse
1015 1940 1027 1974 ,
1044 1892 1119 1982 'qui
1142 1892 1220 1963 usis
1241 1893 1316 1963 :viri
1329 1893 1490 1970 amicitia
1518 1916 1574 1966 me
1596 1893 1722 1969 bearit.

573 1991 674 2061 mitto
693 1990 783 2061 enim
808 2002 1076 2071 commemorare
1094 1987 1275 2058 innumera
1287 1986 1359 2080 alja
1378 1990 1452 2079 eiua
1467 1988 1505 2057 in
1533 2010 1591 2061 me
1616 1993 1721 2063 meri·

533 2104 590 2172 ta,
615 2084 701 2157 illud
721 2104 760 2155 ut
775 2092 891 2154 recens
909 2080 957 2152 ita
971 2081 1156 2152 maximum
1172 2080 1241 2166 est,
1267 2071 1363 2175 qu'od
1387 2102 1457 2153 non
1473 2084 1583 2156 modd
1599 2086 1723 2159 condi·

534 2176 664 2250 monem
691 2176 826 2273 pridem
857 2175 942 2247 mihi
972 2174 1016 2246 ab
1035 2173 1199 2247 -Caesarea
1225 2175 1310 2252 Mt·
1324 2174 1559 2269 in-Imperiali
1579 2180 1718 2272 judicio

535 2274 710 2361 oblatam,
733 2270 863 2345 summo
889 2270 1068 2341 studio&
1095 2268 1191 2353 side,
1216 2266 1331 2365 Regio
1350 2270 1493 2362 decreto
1517 2272 1719 2346 confirmari

535 2369 729 2455 curaverit,
746 2364 865 2439 verdm
881 2385 980 2437 tuum
995 2360 1264 2436 etiam'favorem
1273 2365 1317 2435 ad
1332 2388 1440 2437 meam
1451 2364 1621 2437 fortunam
1635 2371 1725 2462 pro·

535 2464 740 2537 movendam
755 2462 939 2533 inclinarit.
988 2456 1082 2529 Nam
1107 2471 1275 2553 quantum
1297 2461 1443 2531 eundem
1465 2462 1563 2534 ineo
1576 2464 1724 2555 negotio

535 2558 724 2649 adjuveris,
749 2576 817 2650 qua
838 2577 892 2627 me
918 2554 1216 2625 commendatione
1247 2554 1343 2647 apud
1371 2552 1592 2649 Reganus,
1612 2557 1725 2629 ’cate-

536 2653 657 2745 rosque
670 2656 710 2743 in
727 2669 873 2743 quorum
890 2646 991 2719 m‘anu
1010 2644 1047 2718 ὅι
1066 2647 1236 2743 potestate
1261 2674 1302 2722 ea
1326 2673 1381 2723 res
1401 2673 1496 2735 erat,
1520 2652 1724 2739 ornaveris,

536 2764 606 2819 non
618 2743 728 2839 pasius
744 2747 791 2818 est
809 2764 863 2817 me
874 2744 980 2815 latere
992 2743 1140 2836 Georgius
1157 2744 1215 2816 ille
1230 2742 1345 2814 noster
1355 2745 1566 2816 Hermerotis.
1591 2745 1726 2839 Quam·

536 2843 657 2914 obrem
679 2862 746 2933 ego
784 2838 846 2909 tibi
877 2838 920 2909 de
950 2834 1041 2908 facie
1068 2838 1207 2930 quidem
1233 2840 1392 2930 ignotus,
1416 2840 1479 2912 illo
1502 2840 1589 2913 verti
1617 2840 1724 2913 bene·

536 2936 617 3008 ficio
633 2938 668 3005 in
686 2956 740 3005 me
757 2952 819 3004 tuo
836 2955 906 3003 uon
924 2951 1027 3003 notua
1048 2929 1179 3003 tantiam
1201 2932 1290 3019 tibi,
1314 2932 1372 3007 sed
1396 2936 1498 3005 etiam
1519 2932 1723 3019 devinam:

537 3032 677 3103 minime
697 3030 797 3123 potui
823 3030 1001 3108 omittere,
1026 3028 1110 3118 quin
1128 3028 1235 3098 literis
1262 3028 1367 3109 meis,
1391 3028 1489 3115 istum
1505 3048 1601 3102 tuum
1623 3026 1725 3103 savo·

538 3148 610 3198 rem
627 3148 667 3199 ac
685 3126 832 3199 animum
848 3120 1089 3216 agnoscerem,
1113 3142 1154 3195 ac
1167 3124 1325 3217 ingentes
1343 3121 1405 3193 tibi
1420 3125 1544 3217 gratim
1564 3144 1583 3195 a
1608 3148 1725 3208 erem,

539 3240 719 3313 meamque
738 3238 872 3291 tenuem
884 3219 1054 3311 opellam,
1079 3212 1189 3311 siqua
1206 3238 1357 3310 unquam
1371 3219 1405 3287 in
1424 3240 1463 3289 re
1480 3218 1553 3311 ejus
1562 3147 1632 3289 ’uiui
1647 3218 1728 3291 usur

539 3314 606 3389 esse
626 3336 751 3409 queat,
774 3312 916 3385 Vicissim
941 3311 1005 3383 tibi
1030 3308 1201 3385 offerrem.
1252 3312 1331 3407 Ego
1354 3312 1442 3385 verd
1470 3314 1555 3383 nihil
1581 3314 1725 3397 malim,

540 3412 643 3505 quim
667 3410 816 3503 aliquam
828 3410 921 3483 mihi
944 3403 1076 3478 offerri·
1090 3406 1330 3493 occansonem,
1355 3430 1424 3499 qua
1442 3409 1506 3481 tibi
1522 3408 1628 3478 animi
1654 3409 1726 3481 mei

568 3504 871 3597 romptitudinem‚
896 3505 933 3577 δι
957 3523 1171 3595 quantopere
1186 3510 1256 3574 t'uae
1278 3501 1515 3575 beneficentiae
1530 3520 1654 3575 mutuo
1673 3526 1725 3575 re·

540 3529 711 3693 ipondere
731 3598 841 3669 studio
864 3597 1018 3690 cupiam,
1043 3597 1432 3691 demonstrarelquonm.
1483 3598 1617 3690 Accipe
1639 3618 1729 3691 ergo

540 3698 577 3766 irt
596 3694 723 3767 bonam
744 3712 896 3786 partem,
922 3692 977 3763 vir
999 3690 1193 3773 clarisiime,
1216 3693 1312 3785 quod
1335 3692 1399 3763 tibi
1415 3711 1491 3763 non
1510 3693 1607 3763 aliter
1621 3709 1728 3765 notus

541 3788 689 3866 scribere
707 3810 823 3861 tamen
841 3783 900 3857 dm
919 3782 1037 3867 ausus,
1053 3783 1180 3859 &hoc
1194 3789 1293 3861 ctrtd
1308 3786 1372 3877 tibi
1388 3783 1573 3880 persuade,
1595 3787 1633 3857 in
1655 3810 1727 3866 me

542 3906 674 3956 morem
717 3902 895 3977 ratumque
913 3879 1089 3953 hominem
1112 3901 1148 3953 te
1166 3880 1254 3952 illud
1274 3880 1505 3977 nuperrimum
1518 3875 1725 3954 beneficium

543 3981 675 4052 tolioca
703 4000 739 4061 e,
764 3998 830 4070 pro
855 3998 926 4070 quo
942 3972 1003 4047 etsr
1022 3972 1089 4046 tibi
1107 3996 1201 4049 nunc
1218 3977 1315 4070 paria
1331 3972 1460 4057 referre
1476 3994 1551 4047 non
1565 3970 1726 4069 postam,

543 4090 711 4157 attamen,
735 4072 794 4143 ubi
817 4072 921 4159 modo
939 4068 1084 4142 facultas
1108 4069 1226 4153 detur,
1249 4071 1342 4145 veile
1363 4070 1471 4150 intelli
1496 4093 1542 4143 eu.
1587 4066 1729 4163 Interea

542 4168 631 4240 verd
650 4188 716 4260 pro
736 4168 805 4239 hoc
828 4164 946 4240 debito
972 4159 1147 4257 fidejusior
1169 4182 1272 4259 atque
1296 4188 1406 4259 exprp
1445 4166 1452 4179 '
1481 4186 1523 4252 or
1545 4164 1612 4236 erit
1631 4164 1727 4239 Grot-

541 4267 614 4356 gius
639 4264 853 4349 ssttmeanus,
877 4263 943 4357 ¹qui
967 4279 1005 4331 ut
1019 4278 1113 4331 tuam
1132 4260 1314 4331 amicitiam
1330 4260 1416 4331 mihi
1433 4257 1651 4347 conciliavit,
1674 4259 1725 4338 ita

441 4402 445 4413 ·
540 4357 666 4435 eodem
697 4356 836 4433 auiiote
861 4355 1019 4441 erudera·
1040 4352 1275 4432 conservatam
1307 4353 1351 4430 iri
1384 4350 1496 4450 spero.
1545 4352 1628 4452 Ego
1652 4352 1724 4460 jara

1020 4460 1027 4498 ³
1516 4486 1522 4499 ·
1558 4487 1595 4516 ·.
1642 4468 1714 4545 pm·
