3967 5167
552 515 612 615 68
667 505 902 615 VIGLII
928 534 996 606 An
1023 501 1284 611 ΑῩΤΤΆ
1311 502 1682 622 ZUICHEMI

457 696 460 707 '
557 693 655 769 Nam
681 695 745 769 ubi
758 697 802 768 ad
818 685 878 790 Jus
895 691 1095 769 discendnm
1120 697 1273 771 animum
1295 705 1387 798 eoepi
1414 705 1587 797 adicere,
1612 710 1692 787 crint
1715 740 1758 796 ea

558 809 694 865 tantum
717 811 871 868 tenerem
887 813 967 886 quae
994 792 1030 862 in
1045 789 1186 868 Scholia
1206 795 1415 888 didicissem,
1504 805 1756 904 intelligerem,

559 887 655 961 haud
672 890 720 962 ita
736 889 881 960 multum
902 885 986 972 mibi
1005 889 1174 982 temporis
1193 887 1363 985 superclio
1382 896 1425 968 ad
1447 904 1503 973 eas
1514 901 1654 987 literas,
1678 911 1757 1006 qui

559 984 628 1058 bus
658 1003 760 1061 autea
789 981 929 1055 deditus
962 998 1078 1069 etam,
1093 997 1095 1004 '
1113 1005 1186 1057 non
1212 988 1292 1064 nni}
1311 992 1470 1079 Ciceroni,
1503 1018 1570 1072 nee
1599 1002 1757 1096 plurium

560 1080 745 1154 'authorum
759 1079 920 1160 lediioni,
946 1097 986 1150 ut
1009 1097 1088 1150 ante
1103 1093 1162 1153 eas·
1182 1079 1285 1156 horas
1312 1085 1512 1181 diviseram,
1543 1115 1667 1172 vacare

559 1178 635 1264 tui,
658 1173 720 1249 sed
740 1174 865 1247 ordine
880 1170 1035 1268 fingulos
1054 1173 1210 1272 quosque
1230 1178 1455 1272 probatos&
1470 1203 1608 1264 veteres
1628 1120 1758 1270 augg·-

558 1291 614 1346 tet
630 1270 890 1366 percurrebam.
941 1266 1184 1358 Quamobrem
1199 1295 1244 1346 an
1260 1297 1331 1348 non
1352 1280 1456 1354 mirer
1470 1284 1539 1358 tale
1562 1289 1667 1360 etiam
1694 1293 1756 1366 uli·

559 1367 648 1462 quid
665 1367 754 1440 milri
770 1385 841 1438 ate
858 1364 985 1450 tribui,
1010 1367 1109 1461 quale
1130 1370 1289 1464 plerique
1310 1373 1378 1446 toti
1397 1373 1552 1454 Tulliano
1570 1383 1756 1462 imitationi

453 1452 456 1465 '
559 1462 819 1544 incumbentes,
842 1455 970 1558 lijusta
986 1463 1025 1536 dc
1048 1463 1180 1558 integra
1197 1487 1308 1562 opera
1329 1471 1389 1542 vel
1403 1475 1587 1552 morientes
1611 1480 1756 1558 assecuti

558 1556 708 1642 ἱιιιίιι,
732 1556 854 1631 beatos
886 1555 919 1630 se
943 1555 1171 1632 existiment?
1206 1560 1366 1656 Ingenui
1397 1565 1515 1664 itaque
1539 1571 1673 1666 fateor,
1699 1601 1755 1653 me

561 1654 736 1727 Ciceronem
753 1674 929 1746 nunquam
948 1652 1139 1742 imitatum,
1162 1652 1221 1729 sed
1237 1655 1379 1732 forsitan
1399 1663 1532 1758 aliquid
1550 1672 1635 1744 olim
1651 1697 1695 1748 ex
1706 1676 1755 1750 ‘eo

561 1748 739 1837 didicili'e‚
765 1749 862 1844 quod
876 1747 933 1821 sua
946 1746 1090 1842 sponte,
1118 1745 1188 1823 line
1206 1753 1278 1826 ulla
1295 1755 1451 1832 imitandi
1466 1763 1677 1858 intentione,
1693 1773 1754 1846 ali·

559 1845 646 1942 quid
663 1845 775 1918 stilum
791 1843 944 1917 nostrum
968 1845 1114 1918 ad'uvit.
1165 1841 1241 1921 Ubi
1254 1871 1341 1926 vero
1361 1851 1458 1944 Juris
1481 1857 1677 1938 rudimenta
1698 1889 1755 1943 ut·

518 1955 522 1962 ‘
561 1939 701 2038 cunque
723 1961 827 2038 perce
854 1937 948 2012 ili'em
960 1987 973 2026 ,
1049 1944 1119 2034 jan
1139 1941 1242 2018 etiam
1266 1949 1432 2040 paulatim
1451 1951 1634 2031 donorum
1660 1985 1755 2036 com·

560 2037 728 2114 montana
744 1963 948 2122 invilgrem,
967 2031 1118 2110 offensus
1133 2041 1293 2116 nonnihil
1306 2045 1497 2140 impolitie,
1524 2050 1755 2154 barbarieque

559 2157 705 2222 eorum,
731 2154 821 2228 quos
840 2148 955 2204 umen
977 2131 1138 2206 videbam
1164 2157 1279 2210 rerum
1301 2140 1622 2234 cognoscendarum
1651 2155 1754 2229 causa

560 2252 634 2304 non
657 2226 754 2326 poss'e
774 2228 917 2302 omnino
947 2231 1145 2312 contemni,
1178 2230 1271 2308 forte
1295 2237 1381 2308 mihi
1403 2241 1501 2314 venit
1523 2243 1560 2315 in
1581 2267 1756 2343 mentem,
1895 2241 1896 2262 ¹

561 2347 602 2399 ut
617 2347 751 2401 novum
766 2324 944 2419 quoddam
971 2324 1127 2397 imitandi
1141 2343 1247 2420 genus
1277 2328 1500 2408 instituerem.
1548 2339 1644 2414 Nam
1674 2345 1756 2420 edm

558 2423 664 2494 edam
690 2422 874 2518 prolixitas
898 2417 1133 2516 interpretum
1156 2421 1328 2499 fastidium
1359 2449 1533 2518 moveret,
1567 2437 1604 2510 δι
1632 2443 1755 2515 miram

558 2517 784 2603 brevitatem,
809 2524 1009 2612 metamque
1027 2517 1199 2611 quandam
1216 2521 1315 2595 latini
1331 2521 1497 2601 sermonis
1515 2533 1753 2628 elegantiam,
1895 2589 1896 2596 ι

558 2615 597 2688 in
617 2609 870 2708 jurisconsultis
879 2613 1187 2687 animadverterem
1197 2665 1208 2702 ,
1234 2641 1278 2692 ex
1294 2641 1442 2712 quorum
1459 2623 1557 2698 libris
1569 2627 1754 2706 Pandeiiae

558 2707 641 2783 sunt
654 2705 924 2794 consarcinatae,
947 2728 1024 2780 turn
1043 2729 1184 2802 quoque
1201 2713 1237 2784 in
1262 2717 1334 2788 anti
1360 2739 1484 2792 uorum
1503 2721 1755 2817 imperatorum
1895 2771 1896 2774 ¹

561 2799 903 2886 Constitutionibus,
926 2803 990 2898 qui
1016 2799 1179 2892 σι’γχρονοι
1209 2806 1310 2884 tuere
1334 2741 1691 2910 (iurisconsultorum,
1718 2823 1755 2898 dt

559 2921 714 2998 quorum
731 2901 768 2972 in
798 2897 935 2995 legibus
950 2895 1104 2974 ferendis
1126 2906 1432 3002 concipiendisque
1457 2911 1600 2990 confilio
1620 2919 1658 2993 δι
1675 2919 1754 2994 llilo
1894 2961 1896 3014 5

559 2996 768 3080 utebantur,
789 2995 883 3092 coepi
903 2991 1105 3084 confilium,
1129 3017 1170 3070 ut
1191 3021 1272 3094 quae
1288 3003 1325 3076 in
1337 3001 1471 3078 Scholia
1492 3009 1668 3102 audirem,
1693 3017 1753 3090 vel
1895 3079 1896 3082 e

562 3112 643 3190 quae
659 3094 826 3188 legerem,
849 3093 1028 3187 praecipue
1048 3093 1142 3186 apud
1169 3095 1350 3170 Bartholnm
1368 3101 1596 3198 interpretum
1617 3107 1755 3186 nostro·

561 3211 640 3264 rum
663 3187 930 3285 Coryphaeum,
952 3207 994 3260 ea
1012 3188 1222 3281 quotidianis
1248 3189 1604 3276 Commentationibus
1623 3207 1659 3276 in
1680 3228 1754 3279 earn
1831 3265 1843 3276 ,

561 3285 727 3360 orationis
741 3285 888 3358 formam
903 3279 1142 3369 transferrem,
1155 3307 1224 3379 qua
1233 3283 1380 3363 Veteres
1390 3293 1469 3366 illos
1486 3295 1563 3371 usos
1579 3297 1751 3375 videbam.

561 3381 737 3456 Movebat
762 3402 817 3452 me
841 3380 946 3453 etiam
972 3381 1017 3452 ad
1039 3381 1109 3455 hoc
1128 3381 1321 3456 institutum
1336 3386 1629 3481 persequendum,
1655 3397 1754 3494 quod

562 3475 655 3572 ipsos
678 3476 772 3550 idern
804 3474 1072 3567 Jutisconsultos
1110 3473 1227 3550 fecisse
1250 3501 1294 3551 ex
1324 3503 1369 3556 eo
1400 3487 1630 3583 colligebam,
1657 3493 1754 3586 quod
1895 3515 1896 3524 ι

563 3592 661 3646 tanta
685 3568 767 3645 eliet
782 3573 820 3642 in
837 3593 960 3643 eorum
984 3567 1153 3664 responfis
1187 3577 1387 3669 aeqnalitat,
1413 3600 1452 3654 ut
1474 3583 1586 3658 videri
1616 3585 1754 3681 pollent

563 3691 684 3742 omnes
698 3669 735 3739 in
749 3665 874 3738 eodem
893 3665 978 3740 ludo
997 3663 1114 3752 dotti,
1139 3667 1198 3742 vel
1215 3687 1254 3742 ut
1269 3688 1352 3744 totae
1366 3671 1549 3751 Panneetae
1566 3681 1752 3760 abeodem

561 3763 702 3862 scriptae
725 3759 853 3836 censeri
883 3783 1040 3857 queant,
1076 3759 1101 3833 st
1132 3766 1310 3837 nominum
1344 3767 1583 3868 inscriptiones
1609 3775 1752 3852 sublatae

563 3861 679 3934 client
727 3858 866 3953 Arguta
883 3859 987 3929 etiam
1009 3857 1070 3930 illa
1095 3857 1250 3932 brevitas
1272 3864 1473 3960 oratioque,
1500 3865 1538 3941 dt
1563 3865 1587 3941 st
1611 3895 1681 3947 non
1701 3899 1753 3950 re·

564 3957 724 4030 dundans
733 3955 838 4065 plena
847 3950 1535 4068 tamen,perspitua‚propria,puraque
1543 3967 1627 4040 mibi
1636 3971 1755 4065 legum

561 4052 842 4146 interpretationi
859 4070 1007 4123 maxime
1031 4071 1219 4124 oonventre
1243 4053 1436 4130 videbatur.
1482 4057 1524 4132 In
1541 4064 1661 4155 quaid
1680 4087 1756 4138 tan·
1891 4051 1896 4128 ’ζ

561 4165 638 4221 tum
654 4147 859 4241 requiritur,
884 4167 927 4220 ut
944 4145 1081 4220 ratione
1096 4149 1156 4220 vel
1173 4146 1386 4222 authoritate
1403 4151 1519 4247 aliqua
1532 4156 1566 4230 le
1594 4158 1642 4245 ἰ,
1666 4159 1754 4256 quid

559 4243 704 4341 julium,
729 4241 813 4335 qu‘d
828 4261 970 4338 aequum
990 4241 1030 4316 δι
1047 4241 1201 4322 bonum,
1225 4244 1382 4338 quidque
1407 4267 1530 4322 contra
1566 4273 1596 4325 tt
1627 4257 1754 4332 doceo.
1893 4237 1896 4328 ‘t

557 4363 648 4418 mus.
680 4336 730 4414 Et
745 4338 812 4414 bac
828 4337 971 4435 quidem
988 4335 1124 4414 ratione
1138 4335 1350 4432 aliquamdiu
1362 4335 1436 4417 sum
1458 4343 1549 4420 udus.
1575 4345 1629 4424 Ut
1648 4353 1754 4468 etiam
1895 4375 1896 4388 ι

1125 4501 1129 4510 .
1672 4469 1755 4522 cnm
