3967 5167
338 432 962 579 interminorum·
992 480 1322 581 Diversus.
1355 511 1436 601 235

106 654 108 733 1
230 702 387 778 rogans,
419 700 479 757 aue
507 678 697 775 superbum
726 679 990 763 animadvertit,
1008 678 1080 755 ¹sed
1106 680 1205 777 cujus
1232 680 1437 757 interiorem

228 781 490 864 eruditionem,
512 780 598 851 vitae
628 776 795 851 sobrietas
820 801 863 852 ac
883 779 1067 862 modestia,
1091 778 1222 873 linguae
1243 796 1438 873 temperan-

106 872 108 875 ’
228 876 283 946 tia
308 898 352 949 ac
386 896 488 970 aptus
524 876 633 947 tonus
661 876 820 970 corporis
857 874 997 970 gestus,
1031 872 1236 965 habitusque
1278 869 1435 945 testatur.

229 968 390 1045 Proinde
406 992 471 1057 tu,
496 970 555 1043 Mi
570 968 716 1064 Journer
736 973 869 1067 Georgi,
898 968 920 1043 li
941 972 1040 1046 illiue
1066 970 1159 1042 tituli
1179 968 1350 1043 honorem
1373 990 1435 1062 ap·

229 1068 332 1159 petis
342 1122 352 1153 ,
362 1064 420 1141 fac
430 1089 472 1142 ut
485 1070 534 1141 ita
550 1084 584 1138 te
600 1066 1008 1161 componas,nonmodd
1024 1085 1064 1138 ut
1078 1066 1171 1161 apud
1183 1067 1338 1139 eruditor
1349 1064 1434 1152 hoie

225 1160 457 1258 profellioni,
490 1160 616 1235 verbm
643 1164 748 1257 etiam
768 1164 869 1259 vulgi
892 1164 936 1235 de
959 1182 995 1234 te
1016 1161 1284 1245 existimationi,
1305 1158 1436 1234 satiria-

228 1259 322 1335 ciar.
372 1258 432 1332 De
449 1260 640 1333 studiorum
657 1280 768 1354 porro
789 1260 922 1332 ratione
940 1260 1050 1333 multa
1063 1257 1131 1330 tibi
1147 1254 1240 1351 saepd
1259 1260 1437 1353 praecepi,

123 1395 130 1401 -
228 1356 282 1427 ad
299 1352 453 1450 praesens
468 1357 556 1429 vero
571 1354 813 1448 exequendum
823 1353 1038 1443 institutum,
1061 1350 1144 1427 etim
1157 1355 1295 1447 aliquot
1304 1371 1438 1425 tantum

110 2600 114 2609 ’
241 2602 300 2675 sed
330 2604 392 2698 qui

227 1449 373 1525 menses
387 1452 423 1523 in
439 1448 540 1525 italli
553 1468 587 1524 te
604 1446 775 1523 haesurum
799 1452 1013 1545 intelligam,
1034 1470 1147 1546 pauca
1177 1450 1350 1523 duntaxat
1364 1464 1440 1532 mo·

230 1546 356 1633 nebo,'
381 1546 440 1619 sed
460 1544 591 1643 quaeli
614 1567 654 1617 tu
677 1546 862 1639 diligenter
886 1544 1021 1620 secutus
1044 1544 1174 1633 fuerit,
1198 1545 1295 1619 haud
1322 1562 1357 1616 te
1380 1545 1438 1617 vel

229 1642 308 1715 mei
321 1638 476 1728 confilii,
500 1642 558 1716 vel
575 1641 628 1716 tui
652 1638 811 1735 obsequii
827 1665 989 1738 umquam
1011 1642 1207 1736 penitebit.
1256 1642 1348 1715 lllud
1365 1658 1440 1713 non

233 1738 391 1815 arbitror
413 1760 504 1833 opus
521 1734 605 1822 effe,
630 1758 673 1811 ut
690 1735 943 1812 Bibliothecam
959 1760 1006 1812 eo
1018 1758 1136 1813 tecum
1152 1741 1325 1823 devehis,
1347 1738 1436 1829 quid

233 1836 331 1907 enim
347 1834 530 1909 tambrevi
548 1855 583 1905 re
689 1852 781 1907 etot
792 1832 891 1907 libris
905 1856 997 1931 opor
1016 1832 1097 1907 esti
1120 1832 1181 1908 sed
1199 1858 1243 1909 eo
1260 1836 1320 1907 ubi
1336 1856 1437 1906 vene-

235 1934 309 2016 ris,
332 1928 606 2025 conduoes(uti
643 1930 694 2003 eri
709 1926 862 2005 initalia
877 1930 987 2025 splet)
1010 1950 1094 2016 aut,
1119 1932 1205 2027 quia
1219 1953 1289 2003 uon
1308 1950 1435 2023 magno

224 2030 283 2121 ‚ad
297 2030 335 2101 id
371 2028 485 2123 pretio'
503 2048 593 2121 opus
612 2026 682 2109 est,
704 2048 822 2105 emer,
853 2024 1032 2123 utriusque
1054 2028 1173 2121 Juris,
1194 2027 1324 2101 Civilia
1349 2025 1439 2098 solli-

237 2148 298 2199 cet
315 2126 353 2197 dc
379 2124 573 2207 Canonici,
597 2143 738 2217 eorpus.
788 2120 860 2197 Cui
884 2126 1047 2196 Batulum
1069 2124 1261 2219 adjungere
1284 2121 1438 2216 poterin,

239 2222 279 2293 δι
303 2220 461 2317 inprimis
492 2217 657 2291 summam
683 2220 805 2292 Azouis
818 2272 832 2309 ,
865 2240 968 2315 quam
994 2221 1096 2293 etiam
1120 2239 1162 2290 ut
1184 2219 1367 2312 diiigenter
1392 2239 1436 2289 ac

238 2332 355 2393 totum
370 2319 589 2411 perlegeres,
615 2313 672 2389 hie
688 2312 780 2409 sepe
801 2334 838 2388 te
863 2317 995 2389 monui.
1045 2315 1155 2409 Quod
1170 2316 1255 2389 verd
1280 2334 1346 2408 per
1370 2315 1437 2385 alia

239 2412 380 2508 negotia
398 2414 456 2484 hic
474 2412 590 2484 facere
606 2412 793 2505 impeditus
808 2434 867 2493 es,
889 2414 927 2485 id
943 2414 992 2485 ibi
1009 2410 1173 2483 omnibus
1187 2410 1301 2501 mirdjs
1317 2408 1360 2480 a'd
1376 2409 1439 2479 im-

238 2508 521 2675 plendumputa.
547 2506 657 2579 Haud
676 2508 725 2601 ita
735 2519 882 2602 magnus
903 2508 968 2587 est,
996 2510 1049 2581 uti
1074 2505 1161 2588 scis,
1183 2507 1304 2579 Azonir
1328 2502 1438 2588 liber,

428 2624 578 2675 ommam
610 2602 719 2676 totius
746 2600 843 2693 Juris
870 2604 997 2679 Civilis
1026 2602 1181 2677 dilucide
1206 2598 1439 2693 ordinateque

241 2701 410 2773 continet.
460 2698 550 2771 Eum
575 2698 681 2792 igitur
704 2696 912 2793 italegito,
944 2720 982 2772 ut
1007 2700 1250 2774 continuum
1287 2697 1439 2791 aliquem

240 2792 453 2883 absolveris,
478 2814 557 2869 eum
583 2790 710 2867 deinde
734 2792 869 2869 semoto
893 2798 984 2870 libro
1010 2818 1127 2871 tecum
1152 2792 1352 2880 recenseas,
1369 2817 1439 2863 me·

242 2892 432 2984 moriaeque
451 2890 615 2975 mandes,
640 2912 681 2963 ac
701 2912 805 2963 omne
830 2894 1006 2986 privatum
1030 2892 1122 2986 Juris
1151 2892 1298 2964 studium
1324 2890 1361 2962 in
1391 2910 1436 2962 eo

239 2986 390 3082 legendo
413 3006 519 3081 atque
548 2984 733 3061 ediscendo
754 2988 916 3061 colloces.
967 2988 1045 3063 Scis
1064 3010 1159 3063 raras
1177 2986 1246 3069 elie
1269 2988 1305 3059 in
1334 2984 1436 3059 Italii

242 3083 404 3177 publicas
423 3078 626 3164 belliones,
652 3104 718 3156 nec
732 3080 803 3159 seio
828 3106 871 3157 an
889 3086 1039 3180 aliquem
1059 3085 1221 3159 eximium
1240 3079 1437 3157 Doeiorem

186 3251 198 3262 ,
241 3180 380 3273 Philippo
414 3179 514 3251 Decio
540 3174 703 3251 Senensee
730 3176 995 3277 surrogaverint.
1044 3180 1131 3253 Non
1150 3181 1274 3253 dubito
1302 3197 1437 3265 tamen,

240 3296 348 3346 unum
371 3275 521 3371 aliquem
546 3275 620 3347 illic
644 3271 820 3358 futunrm,
846 3278 905 3371 qui
923 3278 1035 3350 audiri
1052 3277 1177 3369 dignus
1194 3270 1318 3359 stt,·&
1336 3274 1436 3363 cujus

239 3392 275 3444 te
300 3368 524 3443 familiaritati
558 3364 716 3443 insinues.
768 3370 948 3466 Quicquid
978 3396 1065 3445 vero
1089 3373 1133 3443 ab
1159 3374 1233 3465 ejus
1270 3367 1451 3451 Leiiione

240 3467 346 3539 vacui
371 3467 537 3559 temporis
566 3464 731 3548 habebis,
751 3463 791 3538 id
814 3468 919 3540 Azoni
950 3466 1090 3541 caeteris
1108 3490 1153 3538 ue
1175 3488 1254 3561 quae
1276 3486 1359 3535 mox
1385 3464 1436 3534 di·

239 3584 316 3637 cam
334 3563 536 3653 impendito.
585 3560 679 3651 Nam
701 3560 780 3635 citur
795 3563 866 3661 japt
882 3562 1064 3637 admetam
1082 3492 1275 3635 studiorum
1291 3560 1432 3642 tendas,

240 3676 319 3753 quae
344 3656 522 3751 precipue
550 3654 832 3755 Jurisprudentiae
860 3656 1079 3755 impendisti,
1102 3682 1212 3753 eaque
1238 3658 1298 3731 illi
1313 3655 1434 3751 praeci·

238 3751 312 3849 pud
331 3756 377 3824 de
395 3748 495 3824 cauli
512 3755 704 3835 excolatur,
736 3775 778 3829 ut
802 3754 987 3850 aliquando
1012 3780 1092 3829 cum
1118 3752 1280 3829 laude&
1305 3755 1434 3823 emolu·

240 3869 356 3927 mento
370 3849 405 3919 in
432 3844 546 3919 forum
570 3849 782 3935 deducatur,
813 3848 882 3924 live
909 3852 1133 3947 postulando,
1160 3850 1231 3923 sive
1257 3846 1433 3922 consulen-

239 3951 304 4032 do,
331 3942 401 4016 srve
413 3943 632 4037 judicando,
670 3968 709 4016 ea
736 3946 904 4039 potissime
931 3950 994 4022 tibi
1025 3946 1264 4043 praecipienda
1285 3948 1430 4039 putavi,

238 4065 315 4140 quae
325 4038 512 4113 forenfium
528 4038 703 4113 causarum
720 4038 848 4113 aelioni
863 4046 1088 4116 conveniunt.
1137 4042 1194 4114 Ad
1211 4064 1315 4137 qoam
1326 4045 1432 4115 maxi·

238 4162 292 4213 me
306 4136 392 4210 mihi
410 4136 557 4211 idoneus
580 4132 671 4209 visus
687 4136 736 4209 est
757 4138 847 4223 Aeo,
873 4141 930 4210 vel
949 4138 1034 4212 teste
1051 4138 1159 4213 veteri
1184 4137 1199 4234 (
1209 4136 1233 4209 st
1247 4138 1344 4213 reue
1359 4162 1431 4212 men

239 4233 347 4327 mini)
372 4232 536 4306 Italorum
555 4232 748 4327 proverbio
760 4286 781 4343 ,q
798 4234 868 4333 Qui
886 4258 944 4305 nur
968 4237 1009 4306 hd
1033 4232 1194 4335 lafhmrrru
1212 4236 1331 4309 drAzo
1342 4285 1354 4319 ,
1371 4254 1431 4304 ror

236 4352 280 4402 aa
302 4333 338 4401 ir
362 4328 492 4405 Palam.
541 4326 806 4407 ExGerrnanri
824 4354 918 4498 (pero
939 4352 1059 4406 recum
1085 4335 1176 4413 feres
1194 4331 1429 4489 Impetigiqru

783 4436 790 4445 '
845 4456 862 4497 r
868 4450 893 4523 g
919 4448 938 4504 2
1361 4441 1377 4489 l'
1404 4440 1429 4491 l·
