3967 5167
100 144 105 319 i

306 488 511 588 nptsu.
541 482 852 583 senecen
880 476 950 581 m
976 445 1426 615 nivensem„
1540 604 1543 616 Α
1688 406 1692 413 ’

226 694 298 735 ’”·
376 688 381 699 ’
476 678 1170 899 aelementis.
1397 680 1586 896 ''gge-

224 891 1374 1121 [ononeloflnnmnnno

1455 908 1510 975 fol.
1532 915 1581 977 86.

203 1188 285 1305 De
318 1208 431 1305 male
458 1228 609 1305 morato
664 1207 741 1313 lio,
756 1216 901 1407 fatris
927 1208 1101 1345 dolorem
1128 1207 1422 1324 leudesindae,
1471 1228 1575 1317 1538.

657 1321 758 1429 caefi
773 1350 813 1411 te
825 1320 907 1435 sua
924 1343 1078 1438 aperti.

203 1564 397 1749 OUod
421 1588 462 1645 tu
488 1584 589 1640 antea
606 1560 655 1639 de
675 1560 808 1660 Jnenn'e'
825 1562 954 1667 Georgia
971 1562 1238 1666 suspicaturus,
1262 1570 1299 1645 id
1318 1570 1421 1645 nimis

311 1686 452 1743 ‘verum
468 1661 534 1737 eii'e
552 1663 677 1763 doleo,
705 1684 819 1759 neque
836 1665 986 1761 amplius
1003 1664 1116 1736 habeo
1139 1662 1211 1763 'quo
1232 1666 1330 1739 ilium
1362 1692 1421 1743 ex·

205 1762 357 1855 ensem,
382 1764 440 1838 vel
462 1780 556 1834 tuam
583 1758 657 1833 indi
682 1762 860 1833 nationem
892 1757 1113 1861 prohibeam.
1164 1760 1299 1835 Mirum
1330 1766 1420 1840 vero

204 1883 296 1957 quae
319 1858 500 1933 hominem
518 1856 627 1956 agitet
648 1782 812 1949 ffultitia,
836 1876 876 1929 uc
896 1854 1132 1955 deprehensus
1158 1878 1282 1945 antea,
1308 1859 1348 1931 iri
1363 1883 1422 1935 eo·

205 1960 297 2033 dem
323 1952 440 2031 rursus
457 1972 583 2053 genere
603 1974 740 2051 peccet.
789 1950 871 2047 Ego
890 1953 986 2053 quod
1006 1953 1044 2026 in
1065 1976 1160 2031 meas
1175 1954 1308 2030 litteras
1326 1978 1420 2031 com·

204 2050 333 2143 mifit,
369 2052 499 2151 nnllam
526 2068 691 2149 umquam
717 2050 750 2121 ei
777 2044 1063 2147 fignificationem
1089 2049 1171 2127 dedi
1199 2053 1296 2151 quod
1319 2052 1420 2129 resci-

204 2146 360 2235 viss'em,
385 2150 436 2221 ita
454 2146 600 2221 enimtu
623 2144 775 2221 voluisti·
823 2142 896 2221 Sed
919 2142 944 2225 st
966 2166 1024 2223 me
1047 2167 1127 2217 cum
1152 2165 1197 2219 eo
1222 2146 1430 2243 expostula-³
1572 2215 1575 2221 ,

132 2320 135 2325 .
205 2268 251 2319 re
299 2240 538 2331 aiiusfuiffes,
562 2239 726 2321 timuiss'et
747 2240 896 2317 sortaffis'
912 2244 1077 2335 deinceps
1094 2244 1209 2319 celare
1230 2241 1323 2316 seid
1348 2266 1424 2331 non

206 2362 263 2437 po
294 2367 338 2425 e,
371 2362 487 2437 neque
530 2336 635 2415 facile
661 2341 755 2412 idem
780 2337 895 2435 rursus
922 2340 1144 2427 committere
1171 2336 1418 2417 aususfniiiet.

206 2438 298 2537 Ego
317 2434 392 2511 iere
409 2437 557 2549 amplius
573 2435 660 2601 guid
682 2434 818 2519 dicam,
843 2454 903 2509 aut
920 2430 1126 2521 consulam,
1159 2456 1220 2509 aut
1243 2432 1418 2522 consoler,

206 2558 290 2630 non
305 2532 443 2615 habeo;
467 2551 517 2603 itt
539 2529 586 2601 do
600 2552 697 2605 orac
720 2530 914 2624 indignatio
936 2531 1089 2601 animum
1119 2552 1233 2603 meum
1266 2553 1418 2613 commo·

202 2648 314 2704 vent.
342 2628 483 2713 ‚eidus
510 2626 593 2701 olim
616 2622 832 2703 ‘credidissem
860 2628 986 2698 coeium
1016 2626 1214 2713 ruiturum,
1248 2628 1355 2721 quim'
1377 2633 1418 2709 il·

205 2726 286 2801 ium
305 2750 349 2801 eo
366 2738 566 2797 venturum.
590 2718 723 2797 Verism
738 2722 862 2796 horum
877 2724 1036 2799 omnium
1053 2743 1161 2794 mater
1176 2722 1226 2796 est
1244 2724 1415 2812 ebrietas,

209 2842 298 2919 quae
322 2818 449 2900 mentis
474 2818 665 2893 caecitatem
680 2818 852 2893 adducere
869 2814 972 2909 solet,
1001 2817 1038 2891 &
1055 2819 1270 2897 oblivionem
1284 2822 1416 2900 littera·
1561 2896 1566 2909 ,

206 2942 292 2993 rum
310 2937 352 2991 ac
377 2914 547 3005 bonarum
569 2934 685 2987 rerum
710 2915 888 3001 omnium,
914 2914 1147 3017 quaessco'rpus
1172 2915 1349 3006 debilitat,
1376 2920 1417 2995 dt
1533 2924 1540 2947 '
1586 2901 1601 2929 ’

208 3014 467 3091 redundantem
485 3012 522 3087 in
538 3031 582 3085 eo
598 3010 797 3096 choleram,
821 3032 998 3108 tamquam
1011 3012 1125 3091 oleum
1140 3013 1214 3107 igni
1230 3011 1415 3109 injci‘tum,
1578 3008 1599 3097 ,ζ

209 3108 383 3203 incendit.
434 3102 523 3181 Non
544 3102 613 3183 fuit
632 3108 692 3179 ille
716 3108 794 3195 caiis
812 3110 907 3181 ¹dum
929 3105 991 3180 fub
1011 3108 1087 3183 mei
1113 3107 1179 3180 fuit
1206 3110 1312 3192 curi,
1345 3134 1413 3185 nec
1435 3126 1438 3129 ’

208 3223 314 3281 tanto
341 3226 522 3301 tempore,
546 3223 619 3301 quo
650 3200 720 3275 uni
749 3200 913 3301 egimus,
951 3204 1062 3283 ullum
1095 3202 1261 3297 ejusmodi
1288 3208 1414 3278 mentis

203 3298 348 3400 'iignum
380 3298 604 3399 deprehendi.
654 3294 787 3373 Veritm
813 3301 912 3393 qnod
942 3302 978 3377 in
1005 3300 1214 3381 arboribus,
1237 3298 1415 3394 pratisque

210 3394 362 3494 copioso
389 3394 508 3471 frusta
535 3394 790 3469 luxuriantibus
804 3393 953 3467 subinde
972 3394 1126 3483 accidit,
1151 3412 1191 3466 ut
1206 3396 1267 3466 vel
1282 3398 1413 3490 uredo,

209 3497 276 3569 vel
294 3491 431 3591 grando
438 3500 451 3577 ,'
473 3492 533 3563 vel
550 3488 618 3587 (nt
633 3488 870 3585 Jureconsulti
884 3488 1039 3587 vocant)
1063 3494 1118 3563 vis
1136 3488 1265 3585 major,
1290 3515 1412 3569 omnes

100 3684 101 3689 Ἰ
210 3589 449 3687 agricolarum
481 3584 557 3685 spes
586 3606 751 3671 enervet,
775 3586 811 3660 id
843 3589 879 3658 in
911 3585 1111 3666 hominibus
1143 3587 1245 3666 nimis
1269 3610 1414 3755 <guoque

100 3702 105 3711 “
212 3682 305 3762 ueri
330 3683 471 3759 evenire
496 3682 682 3781 aliquando
713 3682 1037 3777 animadvertimus:
1073 3706 1113 3761 ut
1142 3684 1187 3756 de
1219 3684 1278 3780 qui
1304 3708 1344 3757 us
1374 3689 1412 3761 in

211 3778 303 3859 flore
318 3778 446 3855 bonam
462 3776 558 3873 spem
583 3782 828 3877 concepimus,
855 3804 914 3858 eos
938 3802 1084 3879 repente
1099 3779 1421 3875 velimproborum'

101 3924 102 3931 κ
214 3873 455 3973 consuetudo,
482 3873 543 3945 vei
565 3896 717 3945 amorum
734 3875 1015 3971 intemperantia,
1042 3874 1133 3973 quaii
1153 3874 1311 3971 duaedam
1325 3872 1411 3952 t'em·
1445 3878 1588 3955 *ΜΝ

214 3976 328 4071 pestas
351 3966 583 4069 conquaffet,
616 3990 657 4043 ut
682 3972 786 4044 nullis
813 3992 966 4059 unquam
989 3974 1138 4049 ‘monitis
1165 3972 1252 4066 erigi
1274 3974 1408 4068 poiiint.
1444 3974 1514 4051 ⁰⁰3¹·
1542 3959 1591 4050 Ψ

215 4070 309 4147 Nam
325 4066 389 4145 iste
415 4088 511 4144 certe
533 4060 649 4140 noster
669 4067 747 4140 haec
765 4066 853 4140 vitia
874 4068 900 4141 ’Ν
917 4066 979 4141 abs
1003 4084 1038 4143 ne
1057 4067 1191 4157 hausit,
1215 4090 1323 4162 nona
1352 4096 1409 4149 me
1444 4050 1592 4173 22:2⁰2

100 4246 101 4255 Ν
216 4160 359 4250 didicit,
384 4162 444 4243 sed
469 4186 515 4263 nu
545 4187 584 4237 er
602 4161 790 4237 admodum
814 4158 999 4259 affumpiit.
1050 4164 1151 4263 Quid
1182 4166 1320 4261 igitur,
1356 4173 1408 4245 in·
1444 4152 1591 4265 semine

217 4268 319 4361 quis,
343 4260 494 4351 faciam?
558 4282 617 4335 um
637 4260 775 4349 omnia,
807 4260 856 4334 mi
874 4262 1004 4355 Georgi,
1028 4284 1167 4340 mecum
1188 4266 1350 4352 excutio,
1373 4270 1411 4340 in
1446 4271 1580 4327 coeesse-

100 4440 101 4465 ἱ
214 4362 305 4441 iilud
327 4358 460 4457 semper
482 4357 641 4447 relabor,
665 4352 756 4433 iiiut
772 4354 840 4451 est,
866 4376 973 4457 quem
994 4356 1060 4437 tibi
1073 4357 1262 4439 faciendum
1278 4361 1414 4537 Jusvcssie
1445 4343 1574 4489 ‘xis‘
