3967 5167
309 560 505 656 nmsu:
537 548 843 651 subucula
882 578 948 649 nn
987 500 1323 659 ntvunson
1354 586 1444 676 ως-

216 734 377 835 impoliti
395 736 609 832 prohibeant
624 759 668 809 ne
687 735 774 809 urbe
791 734 1030 833 Anabaptistae
1046 758 1247 825 excurrant,
1262 758 1438 813 commea·

217 852 369 927 tumque
398 830 515 915 bostea
540 830 702 905 inserant.
753 831 848 905 Nam
867 834 1131 927 propugnacula
1155 830 1283 928 septem
1304 835 1340 904 in
1364 834 1444 909 boc·
1547 838 1552 857 '

123 979 127 995 .
217 928 481 1023 diligentissime
505 932 635 1000 munita
651 925 738 1001 sunt.
788 928 884 1000 Dum
900 929 986 1002 verd
1003 925 1118 999 obrem
1134 928 1254 1000 vident
1275 930 1434 1025 propost-

216 1045 295 1097 oum
311 1022 382 1097 effe
398 1024 489 1097 same
507 1048 566 1097 eos
587 1027 769 1113 edomare,
783 1026 850 1097 alia
866 1045 1044 1097 tentarunt
1054 1022 1194 1097 confilia
1200 1074 1213 1110 ,
1238 1048 1317 1095 nam
1331 1049 1433 1100 111111.

115 1192 116 1209 ,
213 1116 354 1194 Mensis
383 1118 551 1191 Odlobris
575 1125 610 1196 in
633 1124 756 1193 uicinis
784 1122 929 1192 urbibus
954 1117 1181 1212 Groningae‚
1209 1118 1444 1205 Dauentriae,.

115 1216 116 1291 3
215 1214 340 1289 Susati
353 1214 616 1311 ,.Ofirabrugae,
629 1215 860 1301 Coesseldiae‚
884 1215 1139 1310 Varendorpii,
1158 1214 1341 1311 multisque
1357 1220 1444 1292 aliis·

114 1332 117 1393 1
214 1312 310 1385 Iocis
343 1334 540 1409 apparuere
568 1310 725 1385 emissarii
758 1314 895 1383 illorum
922 1310 1066 1407 fingulie
1089 1313 1176 1384 locis
1201 1318 1235 1383 6.
1265 1334 1326 1384 aut
1352 1310 1444 1388 otiu·

114 1400 115 1495 j
218 1412 284 1502 qui
302 1406 581 1503 illic-occupatis
600 1410 737 1503 templis
756 1430 889 1501 coepcrc
908 1411 1094 1503 phanatico
1113 1430 1210 1479 more
1228 1410 1444 1494 indmnare‚.

220 1526 261 1577 nt
282 1506 530 1599 poenitentiam
554 1505 720 1575 homines·
736 1526 898 1597 agerent,
922 1502 989 1575 sese
1006 1526 1025 1573 a
1042 1526 1141 1597 patre
1161 1497 1295 1590 missos,
1320 1524 1363 1576 un
1376 1527 1435 1576 an·

219 1603 398 1673 nuncient
413 1602 592 1671 imminere
605 1596 755 1672 subitum
767 1601 968 1764 geniculum
980 1601 1017 1670 ni
1029 1598 1096 1675 sese
1111 1621 1338 1686 convertant,
1349 1606 1445 1673 mul*

218 1696 328 1788 taque
356 1696 426 1767 alia
451 1696 560 1789 plane·
584 1692 713 1769 insana.
803 1718 861 1767 um
887 1698 976 1769 vend
999 1699 1165 1789 jubentur
1186 1692 1307 1781 filere,
1333 1697 1435 1772 urbe·
1576 1762 1582 1775 .

221 1815 291 1886 que
308 1790 513 1879 excedere,
533 1810 791 1866 contemnentes
806 1788 931 1885 jussum
957 1790 1240 1885 Magistratunm,
1265 1812 1434 1886 comprae·

220 1885 320 1961 bensr
337 1908 433 1983 pene
456 1884 532 1961 sunt
548 1910 678 1961 omnes.
705 1886 747 1959 ld
764 1891 847 1959 dum
871 1888 991 1961 vident
1003 1940 1021 1973 ,
1039 1888 1084 1959 in
1099 1885 1243 1982 singulis
1267 1886 1446 1961 sodalitiisa

112 2018 113 2025 ¹
224 2006 318 2059 unus
346 1984 558 2079 prophetam
581 1984 774 2071 mentiens,
807 2006 984 2055 nummum
1008 2006 1148 2055 aureum
1174 1982 1260 2055 odio
1291 1980 1444 2059 florenis·

227 2080 467 2153 aeffimabilen
485 2081 520 2149 in
539 2078 770 2152 testimonium
782 2082 977 2173 contempti
992 2078 1036 2150 ab
1054 2081 1124 2152 'dlis
1139 2076 1326 2175 Evangelii
1341 2079 1434 2173 abie-

112 2196 113 2199 ’
228 2178 288 2250 cir.
343 2172 581 2269 Varendorpii
623 2198 689 2247 ene
708 2175 777 2245 illis
794 2170 990 2249 successerat
1012 2194 1174 2259 conatus,
1199 2176 1236 2247 id
1260 2174 1310 2247 est
1333 2178 1435 2271 oppi-

111 2318 113 2337 ·
228 2272 318 2345 dum
345 2269 558 2344 Monasterie
595 2294 625 2343 tt
654 2270 795 2344 ditionis
805 2286 823 2355 '‚
849 2264 1010 2365 idjacens
1044 2269 1170 2343 Amaso
1194 2267 1340 2359 fluvio,
1375 2272 1435 2344 tri·

111 2352 112 2385 ¹
228 2369 299 2441 bus
324 2368 513 2439 miliaribus
539 2364 666 2439 distans
690 2388 710 2437 a
735 2364 977 2447 Monasterio,
1002 2363 1135 2459 septem
1162 2390 1182 2436 a
1205 2364 1445 2453 Padeborna.,.

111 2478 113 2531 ῑ
225 2486 312 2535 nam
337 2486 380 2535 ex
399 2462 612 2537 Monosterio
639 2461 880 2533 Pudebornam
900 2464 984 2535 illuc
1004 2462 1071 2531 iter
1098 2460 1160 2533 est.
1208 2460 1295 2556 Ejus
1319 2484 1445 2537 autem

110 2590 111 2651 4
230 2559 335 2631 urbis
355 2560 450 2641 cinea
472 2560 672 2649 jamdudum
698 2556 978 2631 intentiliterant
996 2559 1029 2627 in
1052 2578 1167 2629 rerum
1188 2560 1411 2631 novationem
1423 2609 1447 2644 ,.

110 2656 111 2687 ³
234 2658 276 2729 &
291 2658 383 2729 banc
398 2648 489 2725 natu
511 2650 746 2735 occasionem,
772 2652 938 2747 parabant
965 2653 1017 2725 ab
1033 2650 1221 2749 Episcopo.
1236 2652 1446 2730 desciscere..

110 2762 111 2767 ’
234 2748 373 2835 Verum
395 2752 423 2819 ia
448 2748 628 2823 contrablo
652 2768 796 2842 repente
820 2750 928 2823 milite
940 2798 959 2835 ,.
976 2744 1200 2843 collectisque
1220 2752 1410 2845 agrestibus
1421 2802 1446 2838 ,0

110 2874 112 2915 ;
233 2846 389 2943 primum
413 2838 575 2915 Amasum
598 2840 744 2917 fluvium
769 2845 895 2917 abillis
923 2846 1067 2926 avertit,
1091 2846 1169 2940 post
1189 2846 1351 2941 ingentes
1377 2870 1446 2920 an·-

234 2966 272 3017 te
292 2944 413 3015 urbem
432 2942 608 3012 machinas
623 2940 729 3011 ducit.
759 2939 878 3036 ltaque
897 2940 1097 3013 conterritis
1119 2943 1326 3035 oppidanis,
1350 2967 1445 3016 non·-

234 3042 324 3113 nulli
335 3061 454 3113 eorum
472 3035 596 3129 quibus
607 3034 832 3129 displicebant
843 3034 1104 3123 malaconfilia,
1123 3036 1325 3111 Emissarioa
1342 3064 1436 3113 com·

235 3135 471 3231 praehendunt
484 3180 506 3211 ,.
523 3154 564 3204 ac
581 3130 758 3227 Episcopo
782 3155 900 3228 portas
922 3135 1093 3228 aperiunt.
1143 3132 1313 3207 Immislus
1334 3134 1432 3207 Prin.-

237 3252 325 3325 ceps
349 3232 430 3301 talia
463 3228 536 3299 illic
571 3226 680 3299 edidit
703 3233 887 3323 exempla,
918 3249 957 3301 ut
983 3228 1191 3302 arbitremur
1215 3231 1308 3300 haud
1333 3229 1447 3302 facile·

237 3330 324 3401 alios
355 3324 447 3396 idem
472 3320 607 3394 fastum·
626 3324 828 3396 imitaturos.
878 3322 968 3417 Ego¹
986 3342 1102 3396 autem
1126 3324 1187 3393 his·
1207 3324 1316 3396 turbis
1334 3326 1447 3397 initio

240 3442 434 3495 commotus
459 3419 653 3511 quaerebam
677 3442 749 3511 quo
771 3420 874 3513 padio
890 3441 945 3489 me
965 3419 1009 3487 ab
1028 3421 1101 3490 hac·
1114 3419 1312 3492 conditione
1330 3423 1435 3494 extri·
1523 3500 1526 3506 ,

241 3537 387 3599 earcme
406 3512 464 3589 sed
489 3514 658 3607 Princeps
685 3515 730 3586 id¹
749 3538 820 3588 non
848 3508 902 3585 est,
918 3510 1032 3608 pallus
1045 3564 1066 3599 ,.
1079 3514 1237 3610 jullitque
1257 3540 1313 3589 me
1337 3518 1447 3589 bono

241 3608 309 3685 esse
328 3610 461 3694 animo,
479 3606 522 3678 &.
534 3612 650 3681 iocum
668 3608 798 3682 interea
813 3612 1038 3703 tranquillum
1060 3606 1251 3705 designavit
1261 3660 1274 3700 ‚
1297 3612 1358 3683 ubi
1373 3612 1444 3703 Jua.

239 3710 334 3781 dico.
384 3700 433 3779 Et
456 3724 499 3774 ne
522 3706 605 3795 quid
628 3726 790 3797 quererer
804 3755 825 3791 ,.
847 3708 895 3777 de.
918 3702 1039 3778 salario
1063 3702 1228 3781 haetenus
1254 3708 1433 3799 providit,

238 3826 312 3881 necu
324 3822 378 3875 me
396 3796 511 3871 adbuc
527 3800 673 3869 multum
689 3802 947 3895 poenitetbujus
966 3802 1130 3875 muneris.
1155 3800 1265 3897 Quod
1283 3821 1318 3873 te
1337 3802 1449 3897 igno*

239 3921 317 3973 nare
342 3894 460 3981 nolui,
483 3890 561 3967 cnm
584 3890 686 3964 sciam
713 3916 748 3966 te
767 3918 833 3990 pro
855 3918 916 3969 tua
941 3919 1024 3990 erga
1049 3920 1104 3969 me
1127 3896 1373 3970 benevolentia
1386 3899 1448 3973 ob,

242 3997 443 4069 diuturnum
471 4010 586 4059 meum
612 3985 811 4073 silentium,
844 3994 1021 4064 nonnulla
1037 3990 1084 4061 de
1114 4014 1171 4065 me
1203 3990 1434 4069 sollicitudine

243 4093 336 4185 nugi.
394 4084 489 4161 Bene
517 4084 624 4168 vale,
652 4084 939 4193 praestantilstme,
963 4085 1259 4183 colendisstmeque
1282 4087 1448 4165 Domine·

244 4180 445 4279 Praepofite.
493 4176 745 4269 Dulmnmaedn
769 4174 1008 4277 Westphalia.
1032 4178 1150 4258 Nonis
1171 4182 1321 4281 Ianuarii
1343 4210 1449 4276 annor
1497 4194 1500 4202 '

246 4298 349 4379 ¹535,

856 4462 972 4559 Cet·
1323 4464 1451 4559 mr

299 4624 321 4680 Ι
