3967 5167
297 499 488 595 uprs‘r.
527 493 834 593 surucrm
859 516 926 587 an
954 491 1272 595 DIVERSOS
1331 452 1421 620 1⁵4⁹

202 683 270 758 {ed
286 702 468 775 numquam
494 697 734 774 opportunum
755 676 840 748 milri
862 673 1012 749 nancisci
1035 676 1322 759 nuntiumllcuir,
1346 679 1410 750 cui

212 777 391 854 &librum
408 772 648 869 Institutionum
673 773 837 844 lubenter
855 771 1088 844 commilillem
1114 775 1148 844 in
1177 791 1337 866 tempore
1363 776 1415 844 ad

208 897 272 946 uos
288 870 491 955 ferendum,
516 870 865 964 imprimendumquea
914 866 1074 938 Tandem
1105 871 1267 962 quoniam
1292 867 1412 938 nullus

206 965 273 1038 fuit
301 967 459 1048 oblatus,
491 966 554 1058 egi·
586 985 673 1036 curn
704 968 864 1056 Agnlm'n
891 981 930 1033 ut
956 959 1021 1054 ipfi
1056 965 1117 1054 qui
1140 985 1237 1034 antea
1261 982 1410 1053 operam

204 1061 297 1136 fuam
317 1064 355 1132 in
365 1083 415 1141 'eo
431 1057 659 1131 describendo
677 1060 763 1129 mihi
791 1057 1044 1152 praestiterant,
1070 1079 1173 1128 nunc·
1186 1057 1286 1130 etiarn
1311 1058 1410 1148 adju»

205 1175 332 1231 varent
346 1179 419 1250 quo
450 1158 486 1224 in
502 1156 615 1226 lucem
648 1155 759 1225 emitti
788 1150 909 1246 pollet.
959 1151 1085 1246 Itaque
1106 1152 1175 1222 illis
1194 1154 1231 1223 in
1259 1151 1417 1246 patriam,

206 1253 445 1326 redeuntibus
457 1249 581 1320 librum
596 1248 723 1320 tradidi
737 1252 781 1321 ad
799 1271 836 1319 te
864 1249 1091 1333 mittendum,
1117 1246 1212 1340 quod
1239 1265 1300 1318 eos
1317 1246 1409 1317 bona

202 1346 446 1421 fide-nuuros
457 1345 546 1414 nihil
561 1345 740 1415 addubito.
791 1341 1051 1434 Quamobrem,
1068 1341 1269 1422 dodiilllme‚
1291 1337 1409 1412 humo

203 1441 421 1535 nilfimeque
440 1440 648 1519 Amerinum,
674 1459 762 1532 rogo
784 1457 824 1508 ut
842 1460 886 1509 tn
899 1439 1032 1530 reliqua
1048 1460 1127 1510 cum
1146 1433 1416 1532 imprefforibus.

204 1557 386 1654 peragar,
410 1533 537 1627 desque
556 1555 718 1626 operam,
744 1532 900 1626 utquim
924 1529 1167 1626 elegantissime
1187 1533 1406 1606 &emenda-

203 1631 339 1702 tiffime·
350 1651 460 1702 exeat.
510 1627 576 1701 De-
586 1625 697 1699 forma
713 1626 751 1696 &
767 1625 1022 1700 charadieribns
1045 1651 1085 1700 tu
1096 1630 1218 1700 melius
1233 1649 1276 1698 ex
1291 1628 1406 1720 dignis

202 1745 277 1800 tate
296 1726 379 1797 libri
403 1723 606 1798 &utilltate
622 1723 930 1817 typographorum
942 1721 1089 1806 statum,
1116 1745 1185 1796 nee
1200 1745 1266 1817 ego
1293 1725 1337 1794 d'e
1358 1747 1404 1796 eo

206 1821 395 1916 quicquam
419 1813 555 1916 pullum
569 1816 804 1910 praescribere.
856 1817 939 1912 Ego
955 1819 1024 1892 hoc
1040 1841 1151 1906 anno,
1177 1815 1413 1910 miBlnifuri,

202 1918 325 1990 multis
337 1917 397 1988 hic
413 1916 563 2010 negotiis
573 1911 625 1986 fui
635 1915 845 2007 implicitus,
872 1935 948 1984 nam
964 1921 1096 2008 prlaeter
1113 1914 1266 2008 publicae
1281 1912 1406 1986 leelin-

205 2014 259 2084 nir
275 2002 420 2096 munus,
445 2010 710 2104 enque-docui
738 2006 872 2103 semper
887 2014 1068 2096 annotari,
1094 2009 1283 2106 sdripfi'que
1312 2033 1415 2083 com*-

207 2106 379 2179 mentaria
395 2109 431 2178 in
460 2103 504 2176 X.
529 2104 620 2177 Tito
646 2103 900 2176 Institutionum
923 2127 1014 2199 quos
1046 2107 1106 2178 hle
1130 2105 1286 2199 praelegi:
1337 2106 1408 2178 Ae·

209 2201 380 2274 cellerunt
404 2200 529 2274 deinde
555 2200 592 2273 &
621 2201 697 2271 aliae
717 2201 837 2272 multoe
860 2205 1129 2292 occupationes,
1155 2223 1195 2272 ut
1225 2202 1262 2272 in
1289 2221 1418 2292 graeco·

205 2297 279 2370 hoc
296 2297 553 2369 Institutionum
570 2295 746 2366 volumine
765 2295 954 2386 relegendo
967 2297 1226 2389 indiligentior,
1250 2313 1291 2364 ut
1302 2291 1406 2365 facile

208 2393 484 2474 animadvertes»,
509 2386 643 2461 fuerim.
668 2387 718 2460 Et
735 2387 872 2482 semper
887 2387 1025 2482 speravi
1037 2389 1304 2482 impetraturum
1320 2411 1406 2459 mea

205 2505 260 2574 ue,
285 2509 328 2560 ut
345 2511 404 2569 tu,
428 2505 613 2577 antequam
644 2484 868 2554 excudendus
901 2485 1059 2569 daretur,
1086 2485 1145 2556 vel
1168 2485 1260 2556 inter
1300 2503 1403 2554 excu-

206 2580 382 2664 dendum,
407 2577 843 2672 relegendum-acciperes.
893 2578 986 2652 Cum
1004 2579 1040 2650 δε
1063 2602 1179 2674 graeea
1209 2577 1338 2652 melius·
1354 2579 1427 2650 in·-

206 2677 368 2770 telligas,
391 2673 501 2769 quim·
515 2676 610 2766 ego,
634 2674 696 2767 qui
726 2671 830 2766 quasi·
843 2671 1066 2766 postliminio·
1085 2673 1137 2746 ad·
1155 2697 1230 2748 eam
1250 2675 1405 2768 linguam

207 2767 466 2843 reversuslum.
516 2765 646 2862 Neque
662 2771 728 2840 erit
747 2767 811 2840 tibi
822 2767 979 2857 difficile,
1007 2771 1044 2843 &
1062 2773 1282 2868 voluptatem
1299 2771 1405 2844 hubo

205 2861 259 2937 bit
274 2865 305 2937 ir
327 2865 445 2947 labor,
472 2865 568 2958 quod
594 2864 701 2935 multa
728 2887 970 2958 compertnrus
989 2863 1031 2938 fis
1049 2889 1119 2939 non
1136 2865 1279 2962 indigna
1301 2865 1401 2942 scitu.-

206 2957 289 3055 Ego
305 2981 422 3033 autem
445 2961 610 3124 pleraque
626 2959 732 3032 latina
750 2962 873 3051 graecis
890 2960 1142 3036 charaeleribus
1158 2962 1296 3056 scripta·
1307 2961 1401 3034 resti·

207 3054 303 3129 tuere
327 3077 523 3152 coeperam,
562 3057 605 3125 ed
630 3052 720 3126 forte
738 3055 915 3128 videbitur·
936 3056 1003 3127 tihi
1032 3055 1109 3132 sture
1133 3061 1252 3131 melius
1283 3077 1323 3128 ut
1353 3059 1404 3131 ita

205 3152 462 3246 relinquantur,
487 3149 778 3245 quemadmodum
792 3153 888 3244 prius
905 3148 1031 3245 scripta
1048 3152 1155 3226 fuere
1207 3151 1351 3224 Tntuo
1367 3151 1415 3224 in.

206 3247 247 3318 iis
263 3249 398 3342 judicio
411 3247 612 3320 &arbitrio
634 3267 744 3319 utere.
794 3246 943 3333 Iterum,
966 3249 1014 3318 mi
1038 3246 1204 3342 Bonisnci‘,
1230 3265 1339 3340 rogo,
1365 3269 1406 3320 ut

207 3341 243 3410 in
265 3367 310 3416 eo
327 3343 489 3415 lubenter·
514 3361 607 3412 tuam
641 3361 783 3435 operam
807 3343 894 3413 milri
914 3344 1129 3415 commodes.
1179 3339 1291 3416 Viden
1314 3342 1415 3413 enim

207 3457 285 3508 mea
316 3440 463 3508 multum
489 3433 665 3518 interesse,
691 3457 731 3509 ut
759 3437 875 3508 bonie-
896 3435 1070 3528 auspiciu
1086 3437 1143 3508 hae
1169 3433 1416 3509 institutiones.

205 3533 388 3622 prodeant.
437 3531 519 3624 Ego
545 3532 619 3603 tibi·
638 3532 778 3605 viciilim
805 3554 861 3603 me
887 3532 1033 3625 obligo,
1060 3553 1269 3628 quecunque
1299 3535 1335 3604 in
1366 3554 1417 3606 re·

207 3627 319 3708 velis,
346 3623 421 3698 fore
437 3649 491 3696 me
516 3627 647 3720 stmper
674 3627 924 3720 parutiffimum:
974 3627 1125 3711 Nescio,
1158 3651 1203 3700 an
1233 3627 1415 3700 aureum

209 3723 359 3816 aliquem
402 3720 528 3792 habeat
564 3721 803 3795 corruelorem.
853 3721 892 3793 n
906 3725 1126 3817 sigismundus
1165 3723 1307 3798 Gelenius
1331 3723 1415 3794 hoc·

210 3812 563 3909 meriesusciperen,
598 3835 656 3887 aut
688 3839 728 3890 ut
757 3839 809 3891 te-
826 3827 898 3898 nori
929 3821 1112 3916 indignum
1129 3837 1289 3929 putares,
1316 3815 1414 3890 nihil.

211 3911 312 3984 uilem
332 3913 421 3984 ultra
439 3910 607 3984 solicitus.
655 3912 691 3983 Si
712 3914 796 4005 quid
820 3915 923 3986 etiam
938 3915 986 3986 in·
1003 3915 1219 4012 praefatione·
1237 3935 1323 3985 mea·
1337 3913 1415 3986 tibh

213 4005 436 4101 displicebit,
450 4029 538 4099 rogo
566 4028 609 4077 ne
626 4025 771 4080 vereare
792 4029 949 4089 vertere,
974 4031 1210 4104 expungere,.
1225 4007 1413 4101 castigare..

210 4099 315 4176 Varia
328 4103 406 4174 sunt
420 4103 602 4176 hominum
616 4101 748 4195 judicia
766 4123 914 4175 nee-nos
928 4101 1155 4273 ipsi-peccata
1170 4102 1292 4176 nostra
1300 4124 1414 4198 aeque-

210 4197 367 4299 videmun
389 4219 431 4273 ac
454 4198 525 4272 alu
575 4193 660 4274 Hoc
676 4199 866 4368 emensum
887 4199 978 4298 inter
1018 4221 1186 4276 emuuus
1212 4196 1414 4370 estssffiae:

843 4313 877 4388 3·
1371 4315 1420 4368 θ’
