3967 5167
359 484 554 581 EPIST.
584 475 891 577 SELECTAE
919 507 986 572 nu
1015 475 1347 586 DIVERSOS.
1383 521 1461 612 155

276 683 318 760 ui
344 685 386 759 ad
408 683 508 779 Juris·
534 682 642 758 nostri
670 681 787 778 apices
816 679 1064 778 citationesque
1093 679 1268 760 nonsatis
1299 687 1458 770 snserit„

245 707 365 871 {uod
385 801 420 853 te
445 784 608 877 ignorare
636 781 753 860 nolui,
778 776 852 872 qod
874 777 1012 851 veniam
1034 779 1119 850 mibi
1135 785 1331 873 concedas,
1357 791 1455 884 qnod

238 879 363 952 literas
379 898 455 950 tuas
472 877 602 949 diutior
615 873 810 958 detineam,
834 875 1031 967 perlaturus
1050 894 1165 948 tamen
1196 901 1253 976 eas
1271 881 1363 957 bona
1381 881 1454 959 fide

241 971 330 1047 etim
346 975 500 1068 primurn
514 995 570 1044 me
589 973 674 1044 hinc
690 969 876 1042 extricato.
925 965 976 1042 Et
995 966 1020 1042 fi
1037 971 1122 1063 quid
1137 973 1229 1044 aliud
1249 977 1345 1052 voles
1363 981 1453 1058 mihi
1542 1017 1544 1024 s

237 1071 442 1155 mandare,
474 1067 512 1139 id
535 1089 600 1161 per
622 1067 734 1140 otium
762 1062 881 1140 facere
897 1063 1035 1137 iicebit.
1069 1065 1239 1232 t(irirbrofii
1262 1069 1448 1150 Sermones

243 1183 378 1239 contra
395 1165 549 1237 Attianos
574 1166 648 1251 (1)
673 1159 754 1233 cim
774 1161 847 1234 illic
868 1158 988 1243 edem,
1013 1180 1068 1234 tra
1093 1183 1153 1234 ere
1175 1163 1240 1237 t1bi
1264 1163 1337 1242 sum
1361 1171 1449 1245 obli·

234 1272 337 1351 tus,
370 1281 431 1332 eos
457 1279 572 1331 tamen
598 1277 694 1330 nnnc
716 1255 832 1331 mitto.
880 1253 1073 1352 Descripsit
1100 1279 1161 1332 eos
1181 1261 1324 1356 quidam
1351 1281 1453 1342 meus·

233 1347 458 1430 amanudnfis
482 1355 518 1424 in
543 1351 662 1435 italia,
686 1350 724 1424 δι
742 1347 935 1446 descriptos
953 1353 1088 1425 contuli
1110 1375 1191 1426 cum
1214 1355 1446 1456 Archetypis,

232 1447 345 1546 quod
365 1448 405 1524 dt
425 1445 536 1544 ipsum
558 1470 599 1520 ea
615 1445 690 1520 fere
712 1443 837 1519 menda
857 1446 983 1530 haber,
1008 1469 1089 1542 quae
1112 1445 1174 1522 hie
1199 1469 1235 1524 te
1252 1451 1447 1530 offendent.

233 1541 328 1622 Nec
347 1547 445 1620 volui
485 1544 601 1619 uidem
618 1543 811 1640 quicquam
825 1560 978 1626 mutare,
1003 1543 1076 1639 qud
1102 1543 1168 1617 tibi
1186 1569 1262 1619 eam
1287 1555 1447 1650 recogni-

232 1645 395 1727 tionem,
422 1567 822 1745 cabigationemquefsr
839 1634 933 1710 forte
957 1659 1028 1711 non
1052 1639 1320 1742 dedignaberis)
1343 1647 1445 1721 relin-

234 1751 397 1834 qnerem.
447 1737 597 1806 Zoncbus
622 1732 848 1817 Canonrcus,
883 1733 946 1826 qui
968 1731 1177 1828 opusculum
1196 1738 1266 1812 hoc
1290 1763 1445 1817 corninu-

234 1833 399 1917 nicavit,
424 1853 468 1905 ex
492 1827 637 1904 Patavio
660 1825 864 1902 Ravennam
889 1827 1067 1924 migravit.
1119 1833 1266 1925 Cypriani
1282 1841 1369 1912 vero
1391 1841 1443 1912 vi-

233 1947 298 2015 ta,
323 1949 429 2024 quam
451 1927 511 1999 iile
542 1925 663 2012 dedit,
688 1923 810 1997 eadem
833 1920 883 1994 est
902 1945 983 1996 cnm
1000 1947 1062 2009 ea,
1089 1947 1193 2020 quarn
1219 1947 1258 2002 tu
1276 1931 1347 2027 jam
1370 1935 1443 2028 pri·

234 2023 323 2099 dem
347 2023 490 2096 Frobenio
515 2016 795 2105 communicasti,
818 2019 968 2113 proinde
985 2019 1075 2093 nihil
1099 2044 1189 2118 opus
1212 2021 1282 2101 effe
1305 2025 1439 2103 credidi

236 2119 286 2193 ad
311 2141 347 2193 te
363 2141 435 2192 eam
451 2119 600 2192 mittere.
648 2113 735 2188 Non
754 2115 894 2210 ignoras
916 2137 1051 2210 porro,
1076 2117 1209 2208 Erosme
1233 2121 1438 2212 dedidisse,
1551 2149 1556 2158 ·

235 2214 412 2311 quicquid
427 2214 594 2289 haetenus
610 2215 670 2286 vel
696 2209 800 2284 famae
814 2209 851 2282 in
866 2211 976 2286 literis
995 2210 1202 2298 habui‚·uel
1224 2217 1326 2290 etiam
1343 2221 1440 2312 quio·

235 2311 328 2408 quid
361 2311 399 2382 in
434 2307 515 2408 ipsis
542 2307 713 2405 profeci,
743 2303 814 2377 tuis
844 2328 900 2379 me
920 2307 1284 2382 commendationibus
1316 2315 1441 2385 exhor-

233 2401 500 2498 tationibusque
523 2426 705 2498 acceptum
728 2396 852 2474 tnliss'e.
902 2400 1044 2494 Quibus
1067 2421 1164 2478 certe
1179 2403 1329 2479 maxime
1346 2413 1438 2481 exci-

230 2521 353 2590 tatus,
378 2497 477 2574 ansus
499 2497 573 2570 sum
595 2521 638 2571 eo
663 2495 804 2569 tandem
818 2498 1052 2584 contendere,
1075 2513 1117 2572 ut
1146 2499 1288 2593 aliquod
1310 2501 1439 2576 studio·

232 2615 318 2671 rum
340 2617 496 2669 meorum
517 2594 689 2688 specimen
712 2594 749 2664 in
772 2591 901 2685 vulgus
921 2586 1071 2666 ederem.
1119 2589 1240 2669 Tuum
1266 2619 1360 2672 nunc
1385 2597 1437 2674 est

232 2715 320 2768 eum
342 2713 448 2786 quem
464 2686 630 2764 haetenus
663 2685 782 2763 fovisti
804 2707 876 2760 non
900 2685 1082 2784 deserere,
1106 2687 1164 2762 sed
1189 2681 1348 2768 sustinere
1371 2713 1435 2770 tuo

231 2783 381 2870 favore,
405 2810 450 2860 ne
465 2807 509 2858 ex
528 2783 597 2863 hoc
612 2785 748 2860 theatro
763 2783 1082 2880 quodingreditur‚
1099 2805 1183 2858 mox
1203 2787 1432 2882 ignominiose
1549 2833 1553 2840 ·

232 2909 279 2959 ex
308 2883 458 2956 ludatur.
482 2879 571 2954 Non
586 2899 672 2976 peto
686 2899 727 2954 ut
741 2903 797 2954 me
813 2879 914 2953 novis
937 2879 1297 2957 commendationibus
1316 2883 1432 2974 ornes,

233 2979 256 3052 s
313 2981 350 3051 in
373 2979 486 3052 veteri
501 3000 565 3050 tuo
581 2977 626 3050 de
641 3000 696 3049 me
710 2976 846 3072 judicio
869 2973 1038 3050 studiosos
1059 2998 1123 3070 per
1145 2977 1360 3060 occaiionem
1381 3006 1441 3056 re·-

235 3075 361 3150 tineis.
411 3073 520 3167 Quod
539 3073 577 3146 δι
595 3073 737 3146 Frobrnr'i
751 3065 909 3156 interest,
934 3072 1074 3166 nequid
1093 3097 1138 3145 ex
1156 3077 1241 3146 rneis
1258 3099 1435 3151 commen·

185 3249 190 3255 ,
235 3174 334 3247 tariis
357 3168 530 3270 dispendii
553 3167 655 3242 ferat.
690 3166 793 3243 Vale.
823 3163 967 3240 Bafileae
988 3189 1025 3240 v.
1048 3165 1252 3243 Decembris
1280 3194 1384 3264 1533.
1461 3221 1467 3230 -
1536 3213 1561 3226 ··

497 3291 1155 3414 EPISTOLA'LI.
1461 3329 1585 3396 aa.

1460 3430 1508 3474 sno
1530 3413 1573 3476 11.

234 3466 238 3474 '
321 3459 663 3554 ERASMO
719 3453 1345 3556 ROTERODAMO.
1458 3489 1599 3570 fol.224.

235 3601 445 3694 Summam
450 3601 572 3717 suom
587 3605 829 3714 anxiumque
839 3626 937 3715 ,erga
947 3626 1038 3688 eum
1045 3595 1240 3710 fiduciam
1251 3603 1428 3713 reflatur,
1470 3662 1573 3742 1533·

233 3756 391 3931 NOn
414 3755 635 3832 mediocriter
662 3754 823 3848 equidem
845 3751 919 3826 sum
936 3752 1091 3862 gauisus,
1116 3750 1196 3828 cinn
1208 3752 1425 3863 scrupulum,

349 3856 414 3954 qui
428 3856 541 3928 multo
556 3852 665 3946 magis
682 3852 767 3924 mibi
782 3849 850 3924 fuit
864 3851 1024 3926 molestus
1045 3848 1252 3948 quamdin,
1276 3853 1325 3972 ita
1343 3853 1426 3926 utri·

276 4070 342 4161 (1)
361 4069 513 4159 Ambrosii
520 4067 672 4162 semones
686 4079 789 4131 contra
805 4063 975 4214 Attienus}
995 4062 1071 4162 Hos
1086 4081 1157 4130 non
1174 4061 1314 4161 uidetur
1326 3971 1424 4152 E‘rirblse

198 4204 203 4213 .
232 4160 300 4254 ”¹¹⁴3
316 4157 482 4242 vnlgtffe,
499 4151 582 4252 finnt
600 4168 691 4248 emm
714 4148 930 4246 apocryph13
975 4147 1135 4244 equibus
1155 4149 1264 4244 uiden
1283 4149 1420 4246 poiinnt

232 4242 383 4338 emtores
409 4237 628 4336 Benedicitur·
650 4233 942 4332 Congregatroms
962 4232 997 4301 S.
1018 4232 1131 4301 Maon
1155 4247 1190 4298 tn
1218 4232 1421 4319 praefatione

229 4323 390 4395 ennom
408 4319 591 4394 sennense
610 4335 693 4389 anm
712 4320 833 4474 1686.ν
859 4420 881 4476 2
1142 4378 1144 4386 .
