3967 5167
553 581 606 672 14
662 550 895 650 VIGLII
924 576 993 642 AB
1021 548 1286 645 AYTTA
1312 546 1694 661 ZUICHEMI

551 750 732 836 bis‘fastls
760 751 939 846 explorata
963 747 1148 823 securitate
1169 751 1205 821 in
1228 744 1344 845 Regia
1368 746 1497 837 Coria,
1512 770 1563 824 'ut
1586 754 1633 827 ad
1657 754 1757 832 Bitu·

553 850 667 949 rigum
686 850 908 921 Academiam
930 846 1096 919 Alcimum
1119 844 1425 941 subsequamur,
1451 844 1643 923 suaserunt:
1670 875 1757 947 qoo-

553 968 631 1017 rum
663 943 807 1018 consilio
826 942 988 1015 lubenter
1008 943 1263 1037 acquievimus.
1314 938 1408 1015 Haec
1428 942 1543 1017 nostra
1581 949 1769 1042 prolixius·

557 1042 639 1114 ideo
659 1042 704 1112 ad
730 1062 766 1112 re
799 1060 936 1112 tautum
956 1036 1091 1122 scribo,
1118 1058 1157 1110 ut
1174 1038 1404 1135 obligationi3
1429 1060 1498 1133 qua
1518 1060 1574 1113 rue
1595 1041 1757 1139 superioe

553 1127 698 1230 epistola
714 1136 778 1209 tibi
799 1134 987 1221 obstrinxi,
1012 1130 1228 1209 satisfaciam.
1277 1134 1408 1229 Neque
1423 1137 1515 1207 enim
1530 1135 1644 1213 debeo
1661 1145 1755 1239 opti·
1808 1186 1812 1193 -

547 1254 646 1307 mum
677 1252 866 1328 patronum
899 1232 1089 1325 quicquam
1113 1248 1265 1304 mearum
1282 1252 1413 1304 rerum
1438 1235 1578 1319 celare,
1611 1239 1754 1331 quaudo

555 1328 621 1400 'am
646 1330 796 1423 amplius
819 1328 1051 1400 temeritatem
1079 1348 1212 1417 meam,
1238 1329 1336 1421 quod
1366 1326 1493 1422 saepius
1521 1328 1754 1431 audaciusque

518 1466 527 1471 -
567 1424 699 1497 ‘itteris
739 1426 827 1499 meis
868 1420 933 1495 tibi
972 1421 1199 1517 obstrepam,
1235 1424 1420 1519 deprocari
1451 1444 1542 1519 opor
1582 1449 1654 1500 uon
1691 1432 1753 1505 lra-

550 1518 630 1593 beo.
681 1519 810 1614 Perges
843 1518 946 1591 tuim-
971 1539 1013 1591 ut
1049 1516 1153 1615 spero
1192 1538 1272 1593 eam
1306 1520 1396 1593 -borri
1429 1518 1651 1611 consulere,·
1671 1524 1752 1603 edm

551 1612 724 1711 quidquid
752 1619 789 1689 in
823 1615 891 1689 hac
915 1633 1014 1709 parte
1035 1634 1205 1711 peccem,
1239 1614 1353 1689 studio
1377 1636 1419 1688 ac
1439 1635 1558 1692 amore
1584 1623 1639 1693 rui
1662 1641 1754 1717 praa·

551 1713 666 1807 cipue·
688 1732 843 1809 peccem.
875 1710 960 1785 -Ubi
987 1710 1055 1783 iter
1082 1708 1279 1805 susceptum
1308 1709 1514 1798 absolvero,
1537 1711 1633 1790 dabo
1666 1740 1753 1885 oqu-

550 1828 645 1894 ram,
668 1828 710 1881 ιιι
751 1811 795 1882 de
827 1806 977 1897 Altinae,
1011 1804 1101 1879 acfi
1136 1808 1222 1903 quid
1257 1806 1329 1881 erit
1353 1806 1449 1879 aliud
1488 1810 1587 1903 quod
1619 1826 1670 1885 te·
1702 1814 1752 1887 ci·

549 1926 590 2071 qe
608 1924 730 2073 putelqr
748 1904 838 2075 vqlle
850 1903 1130 2072 ’dexomssffli
1155 1901 1443 2093 asaiOquqvale,
1468 1902 1752 2000 urasmeooaor-

577 2022 643 2074 me.
728 2024 753 2075 x
810 2022 859 2095 ug
886 2020 933 2072 un
1259 2022 1276 2072 1
1353 2049 1364 2071 .

379 2228 504 2291 exro-
796 2204 1305 2313 EPISTOLA
1359 2191 1516 2314 VH.

380 2326 429 2367 rno
450 2308 492 2369 ΙΙ.

379 2386 505 2495 fele·
559 2412 563 2420 ·
618 2408 978 2513 uuasuo
1036 2408 1678 2523 ROTERO-DAMO·

158 2604 164 2613 ’
313 2680 324 2689 -
407 2650 509 2723 1529.
551 2610 682 2739 Apud
705 2622 845 2712 Bituri
870 2654 915 2711 ur
939 2626 1044 2711 uiuit
1070 2621 1319 2733 &fruitur
1342 2622 1529 2735 Alciato,
1550 2620 1631 2743 'qui
1656 2656 1750 2745 quo·

564 2790 569 2799 ·
608 2739 704 2825 tidie
731 2656 952 2854 drusium
975 2740 1193 2851 praedicat,
1223 2738 1404 2825 meliores
1432 2747 1475 2827 in
1499 2748 1639 2859 paucis
1664 2743 1750 2831 lite·

606 2878 678 2935 rus
689 2846 883 2963 sectatus,
911 2876 981 2935 uec
1004 2848 1204 2963 dissentire
1230 2850 1366 2938 uolens
1389 2849 1440 2937 ab
1458 2862 1626 2941 amadeo
1643 2859 1752 2970 quud

566 3072 569 3077 1
606 2962 668 3050 uu·
688 2960 872 3075 placuit·
922 2958 1190 3051 pontificium
1231 2964 1344 3079 opud
1367 2966 1525 3073 Aulum
1563 2964 1748 3056 Gellium

605 3078 895 3183 retinendum„
941 3070 989 3168 V
984 3074 1072 3191 iglii
1099 3079 1166 3189 epi
1197 3074 1261 3161 ola
1289 3104 1379 3161 cum
1404 3076 1659 3194 Erusmiuuis
1671 3103 1749 3195 pu-

603 3186 775 3288 blicula,
792 3184 926 3303 super
941 3214 1035 3387 aquo
1051 3185 1264 3300 fauorese
1280 3185 1442 3279 beatum
1452 3198 1667 3307 praedicat,
1689 3190 1751 3287 (θ’

603 3302 709 3415 risus
725 3298 806 3411 fibi
833 3330 880 3388 uc
898 3298 940 3385 lu

541 3554 552 3562 -
614 3508 675 3581 Tsr
696 3507 866 3593 sciebam,
894 3490 1356 3599 Dostiffime·Emsme,·nou
1378 3510 1448 3587 fine
1478 3456 1618 3590 fastidio
1648 3536 1684 3603 te
1706 3538 1760 3613 ea¹

564 3678 567 3685 ,
640 3603 811 3679 lecturum
834 3626 912 3699 quae
932 3607 976 3705 de
998 3606 1281 3699 peregrinatione
1297 3630 1373 3683 mea
1393 3608 1607 3704 eLugduno
1623 3606 1750 3687 scribe·

547 3701 646 3789 bam,
665 3701 753 3773 vicit
785 3719 922 3787 tameo,
949 3699 987 3770 δι
1012 3702 1048 3771 in
1073 3724 1149 3775 eam
1167 3705 1307 3797 culpam
1331 3725 1389 3777 rue
1404 3706 1546 3800 impulit
1567 3704 1750 3802 singularis
1810 3744 1817 3753 ²

548 3796 765 3871 observantia
790 3816 896 3891 quam
914 3816 999 3888 erga
1024 3815 1065 3871 to
1083 3796 1209 3871 habeo.
1260 3796 1351 3889 Nam
1371 3801 1554 3895 postquam
1571 3800 1675 3874 semel
1691 3824 1749 3879 to-

547 3911 623 3967 tum
651 3912 706 3965 me
735 3892 887 3975 dedidi,
922 3892 959 3968 δι
982 3891 1123 3971 vicissim
1145 3912 1216 3971 tam
1235 3892 1386 3989 benigne
1413 3898 1450 3971 in
1475 3918 1571 3975 tuam
1599 3898 1748 3991 gratiam

451 3988 456 3995 .
547 4007 706 4155 Ἕριος
725 3984 796 4077 fui,
821 3984 1098 4157 rqeitiqlisefioffiqii
1117 3988 1261 4064 subinde
1257 3986 1503 4159 s¹iffiinb³vi'·
1517 4011 1557 4065 ut
1576 3994 1747 4169 qqicquid

545 4104 837 4257 {birdssbbrtbritid
851 4180 957 4268 vivo,
982 4106 1340 4257 &fficio-AM&
1354 4108 1579 4259 dosbssurbgbb
1589 4110 1749 4263 bgsrseubx·

377 4278 389 4285 '
543 4276 652 4351 lentia
670 4274 798 4351 summa
817 4296 896 4349 cum
912 4278 997 4351 volu
1026 4296 1097 4350 tate
1119 4276 1234 4349 fruor.
1266 4274 1326 4355 ne
1344 4300 1417 4374 quo
1434 4279 1533 4375 quod
1548 4284 1591 4357 ad
1608 4299 1644 4353 te
1663 4280 1749 4358 scria

543 4371 646 4464 bam,
672 4370 923 4463 uihilbabeu'„
942 4373 1006 4450 nir
1031 4373 1130 4471 quod
1149 4370 1256 4450 valde
1271 4396 1341 4450 me
1364 4374 1515 4459 delesset
1540 4377 1586 4458 de
1611 4376 1748 4458 iocoue,
1909 4468 1912 4473 .

1152 4525 1159 4536 .
1365 4528 1371 4536 ,
1643 4494 1745 4569 para·

968 3328 1038 3399 um
1056 3304 1223 3417 quaerit„
