3967 5167
347 564 534 665 uersu
564 561 872 661 sennenn
899 584 966 657 n>
996 564 1335 666 nrvnnsos.
1368 597 1450 683 20,
1476 488 1508 662 s

247 765 344 861 ¹tripes
368 761 404 833 iu
433 760 586 835 statuum
617 760 758 833 suorum
792 758 1089 833 conservationem
1117 762 1303 849 excitavit,
1335 791 1446 863 quum

248 860 308 933 illa
322 855 410 931 sedin
425 880 497 930 non
514 858 721 952 religionem
739 854 868 939 modd,
892 855 949 927 sed
969 854 1123 929 dominia
1138 880 1313 955 regnaque
1328 870 1447 939 omnia

247 956 335 1029 bene
357 976 399 1026 ac
416 955 568 1049 legitime
586 954 794 1039 constituta,
812 968 971 1031 evertere
994 953 1167 1025 moliatur.
1218 956 1308 1031 Cum
1329 982 1445 1036 autem

245 1052 392 1123 multum
408 1050 577 1145 impendii
592 1051 628 1121 in
645 1046 882 1144 oppugnanda
896 1044 1160 1141 oblidendaque
1172 1049 1281 1135 urbe,
1293 1054 1446 1131 Antistea

105 1206 107 1231 ,
245 1168 363 1229 meus,
383 1146 579 1218 vicinorum
595 1142 796 1240 Principum
806 1166 877 1237 ope
892 1160 999 1238 atque
1008 1145 1139 1215 auxilio
1147 1144 1307 1239 adjutus,
1321 1148 1445 1225 frustra

242 1238 401 1324 feciffet,
425 1239 564 1311 taudem
578 1237 692 1312 amiss'a
710 1262 799 1335 pene
818 1238 890 1333 ejus
910 1238 1063 1333 pervim
1077 1240 1261 1335 potiundae
1276 1240 1359 1338 spe,
1381 1246 1444 1319 ob·

244 1331 455 1428 fidionisque
483 1356 610 1428 genere
629 1354 785 1421 mutato,
807 1336 852 1407 ed
881 1330 1070 1427 sped'tatur,
1095 1352 1136 1406 ut
1168 1334 1259 1408 fame
1280 1340 1445 1413 edomen-

241 1450 325 1519 tur,
356 1433 418 1525 qui
448 1427 544 1503 ferro
572 1431 669 1506 uinci
696 1450 768 1503 non
791 1426 943 1523 poliunt.
991 1425 1239 1525 Principesque
1269 1436 1443 1511 viciniae

244 1526 429 1601 Eledloree
461 1548 573 1619 nuper
597 1524 700 1599 etiam
733 1523 828 1619 apud
859 1518 1115 1597 Confluentiam
1145 1527 1237 1600 hauc
1261 1532 1443 1624 perditiili·

244 1640 338 1695 mam
354 1618 478 1694 sectam
506 1620 644 1695 collatis
667 1618 802 1693 viribus
823 1619 1000 1711 extirpare
1028 1620 1270 1697 decreverunt.
1320 1626 1389 1709 Et,
1414 1626 1440 1701 fi

240 1738 330 1793 vera
350 1714 505 1789 referunt
528 1716 591 1811 qui
615 1739 659 1790 ex
682 1713 768 1791 urbe
793 1715 852 1789 vel
872 1716 1061 1808 capiuntur
1086 1717 1145 1789 vel
1164 1716 1303 1811 fugiunt
1315 1771 1327 1808 ,
1356 1744 1441 1817 pro·

105 1828 106 1837 ¹
238 1810 384 1913 pediem
409 1834 529 1885 eorum
545 1806 725 1885 ¹ferociam
753 1808 862 1885 fames
883 1808 1097 1904 compescet,
1116 1811 1189 1905 J‘am
1218 1818 1313 1887 eninr
1345 1818 1440 1913 ajunt

105 1912 107 1925 '
238 1908 378 2005 equinis
402 1929 482 1981 eum
497 1906 659 1981 carnibus
679 1904 792 1995 vesci,
816 1926 1010 2000 magnaque
1032 1908 1176 2002 vulgum
1191 1908 1350 1984 laborare
1362 1917 1441 1988 ino-

105 2030 106 2049 ἰ
237 2000 481 2099 pia,'tamets1
503 2026 565 2077 rex
588 2003 646 2076 ille
669 2024 800 2091 novur,
826 2002 888 2095 qui
911 2021 1013 2075 antea
1034 1998 1145 2076 sartor
1167 2023 1261 2095 erat,
1286 2011 1440 2104 prophe·

105 2126 106 2129 ¹
188 2132 190 2139 ¹
237 2112 357 2195 'taeque
384 2100 612 2175 &authores
647 2097 848 2193 impiidimae
882 2094 1054 2179 haereiie,
1093 2097 1274 2192 splendide
1305 2104 1436 2178 interea

105 2192 106 2277 J
239 2196 420 2281 violent,
444 2193 635 2291 severoque
659 2195 810 2291 imperio
826 2212 987 2266 caeteram
1007 2190 1145 2266 turbam
1162 2199 1293 2291 nequid
1315 2200 1439 2272 adver·

105 2372 107 2385 g
238 2290 296 2364 sua
315 2314 376 2365 eos
397 2290 544 2378 audeat,
567 2310 766 2365 coerceant.
813 2284 947 2363 Venim
976 2288 1022 2360 de
1054 2288 1123 2363 hac
1144 2291 1304 2457 tragedia
1331 2296 1437 2389 plura

105 2396 107 2467 ἓ
235 2387 448 2483 aliquando,
472 2384 626 2461 ssmodd
645 2386 741 2461 Deus
760 2384 955 2458 faelicemo
983 2401 1164 2480 tutumque
1216 2408 1295 2459 nern
1325 2390 1437 2485 impo-

236 2504 322 2557 nere
349 2480 558 2578 dignabitur.
609 2480 721 2569 Quod
737 2476 928 2573 quidemst
997 2498 1030 2565 t,
1054 2477 1200 2554 minime
1226 2504 1282 2554 me
1297 2482 1437 2579 hujusce

236 2578 451 2653 conditionis
481 2576 676 2671 poenitebit.
726 2572 823 2648 Nam
853 2570 1009 2648 salarium
1043 2596 1116 2647 nou
1146 2580 1437 2654 contemnendum

236 2673 410 2769 Princeps
422 2672 576 2758 addixit,
601 2670 699 2765 quod
718 2673 823 2745 etiarn
845 2690 939 2743 nunc
953 2670 1047 2746 bona
1062 2671 1133 2744 fide
1146 2692 1253 2767 atque
1270 2695 1436 2773 prompte

236 2770 429 2844 exolvitur.
477 2766 596 2864 Cupio
610 2767 804 2862 intelligere
819 2767 945 2862 ecquid
962 2786 1002 2839 tu
1019 2772 1154 2855 valeas,
1180 2770 1217 2844 &
1233 2792 1322 2845 anne
1332 2772 1437 2846 vestri

234 2866 333 2939 cives
348 2864 469 2937 alienis
492 2862 660 2958 periculis
678 2864 851 2937 cautiores
872 2862 1125 2959 sedatioresque
1151 2860 1246 2940 fiant.
1296 2864 1434 2943 Literas
1464 2880 1468 2888 '

232 2958 356 3043 licebit
371 2961 501 3054 Georgia
519 2960 700 3033 Hermanno
721 2960 953 3046 committere,
978 2961 1041 3055 qni
1056 2959 1101 3033 ad
1117 2982 1174 3032 me
1203 2965 1316 3036 veteri
1334 2986 1434 3038 more

236 3054 386 3130 scribere
408 3056 535 3151 pergit.
586 3054 694 3144 Vale,
720 3054 757 3131 &
784 3052 970 3151 liquando
992 3058 1060 3129 erit
1079 3076 1320 3152 opportunum
1372 3080 1435 3131 rae·

236 3150 437 3225 stantiilrmis
460 3152 614 3243 Fuggeris
630 3172 685 3221 me
703 3150 805 3223 etiarn
828 3171 934 3261 atque
950 3152 1054 3225 etiam
1079 3153 1294 3229 commenda.
1384 3154 1436 3226 ul·

234 3249 366 3375 maniae.
397 3244 485 3372 ,⁰¹⁶
505 3244 870 3342 Epiphaniaedominr.
899 3265 1003 3339 1535.

313 3484 328 3599 ι-
389 3382 897 3593 nersrona
953 3442 1273 3542 nxxrv.
1453 3458 1578 3603 pp·

315 3654 1343 3769 JonNNroHonnno
1451 3616 1599 3696 mm

228 3866 416 3977 Excusat
412 3864 617 3974 silentium
624 3862 759 3984 suom.
792 3864 880 3978 Quo
897 3860 1105 3980 confiliofir
1122 3871 1273 3983 ceperit
1290 3892 1432 3957 munus
1468 3872 1572 3973 1535·

285 3978 470 4099 ‹afficidie
519 3978 592 4069 De
607 3977 856 4066 tumultubus
873 3975 1083 4092 Anabapt'
1112 3988 1206 4083 icis,
1238 3977 1374 4095 obscffo

342 4088 615 4207 Monaflerio,
644 4086 702 4183 &⁹
723 4091 1041 4207 Waereadorpio
1067 4112 1315 4205 recuperato.

280 4364 285 4377 ,
324 4304 459 4389 Ereor,
485 4302 610 4377 Cboletr
638 4300 814 4375 clariffirne
825 4350 841 4387 ,.
862 4320 906 4373 ne
931 4300 995 4376 tibi
1016 4324 1130 4387 meum
1155 4300 1327 4390 filentium
1355 4301 1433 4377 finl-

302 4401 307 4419 '
347 4396 452 4475 stram
471 4400 621 4497 aliquam
639 4396 881 4571 suspicionqprc
897 4396 1077 4569 eprcitarit,
1100 4397 1181 4479 edm
1197 4420 1269 4479 tam
1287 4404 1435 4576 101135ιὲ
1549 4482 1561 4507 ,
