3967 5167
165 500 169 511 ’
293 660 300 683 ,
335 525 524 628 aaron
554 512 859 620 suiacum
886 544 950 616 an
980 496 1309 626 btvuttsos.
1354 554 1437 667 ιιι

195 710 201 717 ’
245 722 378 804 debita,
415 720 549 815 reliqua
574 718 692 793 omnia
719 718 757 789 in
788 712 866 791 usus
893 738 1085 815 pauperum
1113 717 1321 815 potiiiimum
1338 724 1436 799 verb

249 819 290 889 eir
307 816 337 885 π’
354 817 636 909 σπιδαωῐςαφιῖιι
667 810 907 901 distribuerat,
932 837 1004 909 quo
1024 837 1068 888 ex
1086 815 1205 889 studiis
1226 820 1436 911 provenien·

243 917 290 991 tia
300 917 341 990 ad
356 910 524 989 studiosos
537 912 697 987 redirent.
746 906 878 987 Amicis
896 907 1114 984 charioribus
1128 916 1256 1007 pocula
1270 916 1432 1010 quaedam

241 1002 1433 1181 ilstilltlalliliiidllil’littidumitis

240 1159 381 1275 milibus
397 1197 527 1274 censeri
549 1198 719 1293 intelligo.
768 1194 900 1293 Operis
926 1216 1012 1270 veto
1035 1197 1115 1293 post
1137 1125 1431 1276 moriem-edendi

220 1276 330 1375 inihil
349 1314 568 1393 compertum
585 1292 657 1383 est,
682 1290 743 1367 niss
770 1288 983 1388 impersed'tae
1006 1292 1270 1368 lucubrationes
1293 1295 1330 1367 in
1355 1299 1434 1369 Ori·

241 1396 365 1487 prem,
390 1390 519 1487 quibus
541 1388 590 1465 est
606 1389 822 1463 immortuus.
867 1388 930 1467 Sic
944 1378 1122 1485 superiore
1136 1411 1228 1465 anno
1245 1389 1431 1467 Udairr‘cum
1464 1465 1467 1472 ,

243 1486 392 1579 Zafium:
417 1486 546 1573 isthoc,
570 1484 737 1577 Erasmum
755 1480 1028 1558 Roterodamum
1040 1535 1053 1571 ,
1077 1487 1314 1561 duo‘maxima
1340 1486 1433 1562 Ger·

241 1587 363 1662 maniae
386 1582 513 1657 decora
538 1578 720 1655 amifimus.
768 1578 828 1653 De
846 1576 967 1654 salario
980 1581 1105 1677 judicii
1123 1581 1227 1654 nostri
1246 1583 1339 1677 apud
1357 1582 1431 1669 Re·

107 1698 108 1701 ’
239 1678 331 1773 giam
348 1674 563 1772 Maiestatem
583 1672 708 1749 frustra
723 1676 867 1771 egimus.
915 1672 964 1749 Et
986 1672 1049 1748 nisi
1065 1673 1178 1770 Regia
1194 1678 1249 1748 M.
1267 1680 1351 1756 huic
1377 1680 1430 1754 rei

107 1844 109 1861 ,
170 1786 182 1824 =.
241 1774 441 1849 clementius
455 1774 659 1869 provideat,
684 1794 758 1845 eam
778 1771 884 1845 video
902 1770 1033 1865 Judicis
1057 1795 1099 1869 ac
1124 1772 1345 1868 Collegarum
1362 1774 1430 1849 eise

107 1862 109 1907 ἶ
242 1868 546 1957 deliberationem,
572 1887 613 1940 ut
631 1864 694 1940 ista
717 1864 819 1939 nobis
838 1868 1023 1963 provincia
1036 1866 1222 1941 deserenda
1237 1866 1288 1942 iit.
1338 1870 1432 1943 Cum
1521 1900 1526 1911 ·

240 1981 278 2036 te
293 1985 408 2038 autem
424 1986 517 2059 ego,
542 1964 698 2059 propitio
716 1962 823 2049 Deo,
844 1960 993 2037 sortuuae
1010 1984 1096 2038 mem
1118 1965 1298 2039 authorem
1343 1985 1434 2040 atro·

244 2080 397 2153 numque
428 2059 547 2133 nasius
576 2056 661 2144 iim,
687 2059 757 2132 hoc
791 2076 827 2131 te
853 2056 1027 2148 obtestor,
1061 2082 1105 2132 ne
1129 2078 1192 2131 tuo
1221 2078 1277 2133 me
1309 1986 1431 2137 Ervom

214 2152 456 2249 ‘consilioque
480 2150 650 2228 destituas.
698 2151 811 2228 Fuere
843 2154 946 2243 mihi,
980 2155 1112 2227 interea
1142 2158 1225 2228 dum
1259 2155 1431 2252 birago,

243 2250 371 2324 obiatae
399 2250 591 2325 occasiones
612 2250 801 2346 quaedam,
830 2246 942 2325 sthoc
963 2248 1143 2341 Judicium
1164 2249 1431 2344 dillolvere'tur,

244 2368 317 2423 non
338 2344 621 2421 contemnendae:
648 2342 768 2417 sivein
793 2344 979 2419 Academia
1002 2346 1117 2440 aliqua
1140 2344 1235 2434 Juris
1256 2348 1433 2441 profesio:
1574 2389 1578 2401 ·
1609 2396 1613 2403 -

242 2456 322 2517 nem
346 2440 539 2611 suscipere,
563 2441 635 2513 sive
655 2432 814 2534 Priticipi
828 2462 971 2533 operam
985 2462 1097 2513 meam
1115 2437 1206 2514 sorte
1229 2441 1433 2535 impendere

241 2538 398 2611 veliem..
462 2536 505 2609 ed
518 2558 702 2631 parentum
720 2558 904 2629 meumque
917 2555 1039 2608 votum
1057 2557 1100 2611 eo
1114 2538 1224 2631 magis
1239 2536 1367 2623 tendit,
1390 2561 1432 2614 ut

245 2634 292 2707 ad
314 2630 513 2703 inferiorem
529 2630 751 2705 Germaniam
775 2628 959 2725 aliquando
977 2656 1055 2705 cum
1074 2632 1208 2705 honore
1225 2636 1337 2710 redire
1355 2633 1430 2731 pos·

107 2734 109 2777 ⁵
244 2724 319 2799 fim.
368 2724 464 2799 Nam
482 2727 517 2797 in
534 2728 732 2801 eumerium
743 2724 839 2799 usum
857 2723 1032 2801 Gallicam
1050 2728 1204 2824 linguam
1218 2730 1301 2802 olim
1312 2732 1429 2805 didici.

244 2818 321 2895 Etsi
343 2820 516 2899 Bruxeliae
527 2842 586 2895 aut
600 2822 805 2896 M'echliniae
817 2824 935 2895 locum
948 2823 1095 2919 aliquem
1106 2825 1264 2900 obtinere
1279 2820 1435 2922 possem,

107 2924 109 2983 ἰ
244 2940 317 2991 non
338 2916 446 2991 solum
474 2942 552 2991 eum
574 2918 738 2993 omnibus
760 2916 834 2991 aliis
859 2916 1119 2994 conditionibus
1142 2920 1265 2995 lubens
1287 2922 1431 3018 praefer=

107 3004 109 3017 ’
242 3034 337 3101 rem,
362 3011 420 3087 sed
447 3014 574 3089 nullam
592 3014 733 3109 quidem
757 3012 1023 3111 splendidiorem
1052 3012 1229 3091 fortunam
1257 3038 1434 3113 optarem·

241 3107 339 3197 Quia
355 3110 461 3204 igitur
475 3127 513 3183 tu
534 3114 666 3206 optime
684 3112 803 3185 videre
826 3129 950 3207 potes,
973 3109 1060 3207 quid
1078 3112 1122 3184 de
1145 3114 1353 3188 hoc-nostro
1369 3114 1430 3207 Ju-

107 3268 109 3297 ,
243 3206 337 3279 dicio
355 3204 510 3279 futurum
535 3205 598 3291 iit,
624 3229 752 3303 tuaque
775 3208 1030 3282 commendatio
1077 3207 1239 3280 iurimum
1261 3210 1365 3280 etiarn
1391 3210 1429 3280 in

107 3320 109 3377 ῑ
238 3300 302 3375 ilio
330 3306 451 3397 juvare
469 3324 525 3375 me
545 3302 679 3397 potest:
705 3298 849 3375 obsecro
872 3324 907 3374 te
922 3322 961 3374 ut
976 3302 1037 3398 qui
1082 3300 1197 3375 facere
1217 3326 1272 3374 me
1302 3303 1430 3378 debere

240 3396 407 3483 censeas,
430 3417 528 3469 tuum
554 3396 734 3471 consilium
759 3394 905 3491 fideliter
927 3396 1117 3495 impertias.
1164 3396 1214 3469 Et
1238 3395 1264 3470 fi
1286 3396 1428 3472 forsitan
1481 3412 1492 3426 ⁸

107 3500 108 3541 l
242 3512 287 3563 eo
305 3494 531 3587 perveniendi
547 3493 675 3567 nullam
697 3492 782 3565 mihi
796 3490 890 3587 spem
919 3490 983 3567 elle
1003 3492 1181 3590 putaveris
1188 3544 1203 3581 ,
1225 3494 1295 3568 hoc
1314 3495 1325 3566 i
1355 3494 1427 3567 sum
1478 3532 1480 3535 ·

241 3584 360 3660 saitem
377 3586 525 3685 indices,
549 3610 619 3683 quo
638 3588 741 3665 rebus
770 3589 853 3661 meis
874 3588 957 3661 aiibi
984 3589 1021 3661 in
1055 3609 1214 3683 tempore
1242 3614 1309 3664 con
1327 3593 1429 3667 ulam.

107 3758 108 3773 ,
243 3679 336 3755 Ctim
352 3682 437 3753 nihil
459 3684 545 3755 vero
570 3682 610 3755 fit
624 3679 1434 3780 honestius,c1ariilimeProcanoedarie,·quim'

107 3820 108 3825 =
245 3780 289 3851 de
309 3777 465 3872 piurimis
482 3777 730 3863 benemereti,
754 3779 832 3852 crim
852 3777 886 3849 id
900 3780 1019 3874 polim:
1043 3800 1120 3853 tum
1142 3804 1201 3855 eos
1221 3785 1431 3876 'quossemel

243 3876 279 3947 in
296 3894 389 3947 tuam
406 3870 594 3969 susceperis
613 3877 755 3946 tutelam
780 3876 816 3947 &
847 3874 1057 3960 clientelam,
1080 3877 1210 3973 quique
1229 3879 1273 3949 de
1294 3898 1356 3953 tuo
1371 3901 1432 3973 pa·

245 3970 395 4045 trocinio
413 3970 551 4062 penitus
573 3968 745 4063 pendent,
769 3988 804 4040 te
828 3966 986 4045 sustinere
999 4019 1011 4056 ,
1035 3974 1147 4044 multo
1162 3972 1342 4067 piiffimum
1359 3976 1431 4047 iau·
1536 3986 1543 4001 '

246 4064 518 4160 datiifimumque
536 4064 691 4137 habetur.
741 4062 840 4135 Deus
858 4076 893 4135 te
912 4064 1014 4137 nobis
1039 4068 1099 4139 diu
1121 4070 1329 4143 incolumem
1347 4093 1431 4143 con·

240 4159 370 4327 fervebo
404 4160 552 4235 Patrone
570 4159 862 4255 incomparabilis.
912 4158 1024 4256 Spirae
1047 4162 1162 4259 pridie
1184 4163 1326 4241 Calend.
1351 4164 1431 4241 No·
1481 4217 1486 4238 .
1620 4206 1624 4213 1

244 4278 325 4329 vem
350 4279 376 4327 r.
412 4263 513 4351 1536.
695 4290 698 4299 ·
1248 4290 1255 4305 r

298 4442 460 4521 ronti.
849 4406 907 4519 'uf
1223 4413 1226 4418 ’
1328 4445 1436 4522 upt-
