3967 5167
338 533 529 638 susc.
559 529 866 633 sursera
892 554 959 632 m
995 536 1328 638 urrunsos.
1387 565 1445 658 79

241 733 360 831 reique
382 734 605 829 disciplinas,
627 753 735 830 atquo
757 750 944 830 utramque
969 738 1196 812 literaturam·
1248 733 1319 808 Cui
1342 735 1442 812 dein·

240 831 629 926 deJurisprudentiam,
654 855 726 906 non
741 855 815 906 cam
833 831 974 924 quidem
987 835 1168 924 vomerem
1187 831 1436 927 denegarem,

237 927 296 1000 sed
313 951 431 1002 veram
449 929 488 1004 &
500 926 702 1022 synceram,
726 946 771 1000 ex
790 925 968 1002 docliffimi
989 927 1145 1022 percutis
1163 925 1306 1003 conlilio
1326 929 1364 1002 dt
1380 929 1436 1010 in·,

238 1020 412 1104 stitutione
430 1022 587 1096 haustam
604 1029 836 1119 conjungere,
847 1022 970 1098 seduld
986 1024 1064 1096 estis
1080 1022 1210 1096 annixi.
1260 1024 1326 1096 Me
1343 1027 1433 1104 verd

236 1121 353 1194 eadem
372 1120 516 1215 quidem
527 1141 612 1194 cura
622 1122 754 1200 tenuit,
778 1119 839 1191 sed·
854 1119 976 1192 multis
988 1119 1199 1214 adjumentis
1216 1122 1334 1206 carui,
1349 1144 1432 1214 qum

107 1294 114 1304 ,
234 1213 335 1290 robis
359 1215 645 1310 suppetivemnt:
670 1239 745 1310 quo
760 1213 893 1288 ludium
917 1211 986 1300 cst,
1010 1236 1050 1288 ut
1080 1235 1207 1308 magna
1230 1213 1435 1292 difficultate

233 1312 398 1407 exiguum
419 1309 571 1384 notrum
598 1312 659 1384 sim
682 1311 875 1386 assecutus..
911 1310 1078 1385 Patruum
1104 1312 1217 1394 enim,
1243 1331 1284 1382 ut
1314 1309 1432 1400 scitis,

232 1411 295 1502 qui
325 1431 404 1482 mea
422 1407 532 1480 studia
548 1409 681 1493 alebat,
708 1409 810 1481 nimis
835 1408 916 1486 citd.
932 1407 1046 1488 amisi,
1071 1405 1109 1479 dr
1132 1405 1332 1482 adolescens
1349 1405 1432 1480 edm

230 1502 355 1592 ellem,
377 1504 494 1598 patria
513 1503 551 1580 dt
569 1505 690 1581 amicis
710 1505 864 1598 procul,
887 1505 1022 1578 nullom
1039 1501 1100 1577 nisr
1116 1500 1154 1572 in
1173 1523 1228 1576 me
1248 1501 1325 1596 ipso
1340 1523 1430 1596 prm·¹

229 1597 354 1672 fidium
378 1601 501 1687 nabui;
525 1621 627 1674 roceo
658 1602 748 1674 verd
772 1601 864 1683 alia,
888 1599 1111 1695 nequeenim
1130 1597 1286 1692 opusest
1313 1597 1428 1688 urhlc

228 1695 358 1770 secreta
373 1695 634 1774 fortunarmeae
656 1697 773 1772 omnia
803 1696 987 1774 denudem.
1041 1693 1189 1774 Veniam
1221 1695 1265 1774 sd
1297 1693 1428 1790 episto,

227 1791 296 1864 lam
312 1813 430 1877 tuam,
453 1813 557 1888 quam
574 1795 710 1887 quoties
731 1794 875 1886 relego,
898 1793 1005 1870 toties
1019 1791 1191 1875 admiror,
1218 1811 1289 1862 non
1315 1790 1427 1864 modo

227 1885 306 1982 llyli
330 1889 560 1982 integritatem
572 1938 586 1975 ,
608 1887 737 1976 verdm
751 1887 854 1963 otiam
879 1888 1067 1964 candorem
1094 1909 1137 1962 ac
1158 1881 1330 1962 Venerem
1349 1909 1425 1961 vcr-

229 1980 377 2069 borum,
401 2002 442 2055 ut
460 1983 554 2059 visus
575 1984 662 2058 milti
690 1983 733 2056 lis
752 1981 835 2078 ipsis
862 1980 997 2058 Gratiis
1021 1980 1233 2057 distantibus
1263 2004 1321 2057 eus
1345 1997 1425 2056 exa·

225 2079 312 2151 ralle
328 2081 457 2152 literar
481 2111 485 2118 ·
508 2080 652 2174 Quanta
675 2082 768 2154 enim
792 2080 866 2153 illic
879 2077 1049 2154 modestia
1072 2099 1131 2151 tua
1150 2079 1327 2164 cernitur,
1352 2077 1425 2152 live

226 2173 348 2259 dete,
373 2172 445 2249 five
467 2177 512 2249 de
536 2199 592 2248 me
624 2179 837 2251 mentionem
867 2173 995 2258 facias,
1031 2193 1066 2250 te
1093 2172 1247 2262 scilicet,
1284 2177 1424 2247 elevan-

225 2269 297 2358 do,
323 2293 379 2342 me
395 2272 445 2344 ita
466 2271 664 2360 laudando,
686 2297 726 2348 ut
740 2276 786 2348 cd
805 2273 920 2367 aliqua
941 2268 1096 2366 epistole
1121 2289 1191 2342 tuas
1212 2272 1292 2344 loca
1316 2271 1424 2363 plane

225 2365 457 2439 erubuerim?
489 2367 547 2442 An
580 2370 672 2442 enim
701 2390 807 2464 putas
837 2390 894 2440 me
916 2370 1073 2441 colorem
1097 2361 1244 2460 potuisse
1275 2387 1418 2452 tenere,

222 2458 303 2534 cdm
337 2480 376 2534 tu
400 2462 504 2549 mihi,
530 2462 639 2536 Murio
660 2464 805 2538 Scourlae
824 2465 909 2535 olim
932 2485 954 2534 a
977 2463 1121 2540 Cicerone
1144 2459 1314 2532 tributum
1350 2463 1422 2535 elo-

219 2558 318 2651 gium
341 2557 586 2632 transscribisl
619 2558 731 2650 Quod
755 2577 872 2632 tameo
904 2553 953 2631 stc
983 2559 1226 2650 interpretor,
1254 2554 1422 2648 'quantu

219 2675 324 2739 eum,
357 2675 461 2745 quem
488 2673 598 2741 amas,
622 2653 895 2746 pulcherrimum
916 2651 1031 2726 videri
1063 2651 1203 2744 cupias,
1227 2648 1417 2724 secundum

221 2745 379 2820 Tdrocrr'rr'
401 2747 559 2822 versum:
589 2753 633 2816 ιιῖ
655 2750 708 2844 ,ὰς
727 2749 809 2840 lydo
828 2742 1004 2822 maara
1024 2743 1188 2838 nodosae
1214 2771 1254 2812 m
1272 2743 1417 2830 μιὶιιιιιιῖ

92 2872 93 2891 ²
222 2842 315 2914 unco*
341 2841 511 2923 πίφαιιιιί.

188 2996 194 3005 .
265 2939 364 3016 Nam
392 2940 417 3013 st
444 2962 584 3015 tenuem
606 2941 754 3018 nostram
776 2939 1025 3039 supellectilem
1043 2941 1208 3038 proprius
1228 2937 1416 3027 scruteris,

219 3058 290 3109 non
305 3039 403 3111 dicas
417 3058 487 3112 tam
507 3044 624 3135 amplo
650 3042 783 3113 honore
815 3039 943 3132 dignor
970 3061 1034 3111 nos
1061 3037 1138 3110 elle.
1188 3035 1417 3132 Eloquentiae

218 3136 309 3207 enim
328 3134 465 3207 laudem
484 3159 660 3231 nunquam
675 3131 855 3218 affectavi,
871 3133 1051 3210 &utinam
1065 3137 1123 3206 vel
1138 3129 1286 3228 puerilia
1302 3131 1414 3204 studia

216 3230 307 3304 tucri
327 3230 478 3328 pollem,
504 3253 582 3305 nam
598 3235 715 3330 gravis
740 3233 815 3304 hec
830 3229 1008 3326 disciplina
1026 3227 1143 3322 Juris,
1167 3249 1280 3302 totum
1300 3227 1413 3298 homi-

215 3347 294 3408 nem
310 3325 502 3415 defiderat,
525 3351 592 3402 nec
614 3331 748 3424 patitur
762 3327 967 3400 amteniores
986 3329 1101 3398 literas
1120 3343 1185 3396 nos
1210 3319 1411 3394 consectari.

92 3451 98 3458 ·
214 3419 269 3498 Ut
289 3445 406 3498 autem
437 3425 635 3512 lucernam,
668 3427 820 3497 coinon
849 3422 1025 3496 interdum
1051 3423 1168 3492 oleum
1195 3413 1409 3502 infunditur,

210 3519 373 3610 extingui
390 3519 522 3592 necelle
538 3521 607 3607 est,
630 3524 679 3593 ita
696 3521 733 3595 dc
750 3541 791 3590 ea
804 3539 886 3612 quae
905 3535 986 3590 ante
1000 3516 1206 3599 didicimus,
1228 3515 1322 3586 nolla
1338 3515 1411 3586 lec·-

210 3616 311 3686 tione
328 3617 466 3686 exculta
486 3613 593 3688 facile
611 3615 832 3690 evanescunt.
881 3610 975 3688 Sensi
1007 3631 1120 3684 tamen
1146 3631 1265 3682 norma
1290 3633 1346 3682 me
1371 3609 1408 3679 in

210 3707 399 3800 smoeniora
419 3709 477 3782 illa
492 3711 601 3785 studia
620 3714 723 3786 valde
747 3707 845 3785 fnille
868 3709 1082 3804 proclivem,
1117 3729 1138 3780 a
1163 3705 1292 3800 quibus
1309 3701 1407 3800 aegrd
1430 3795 1433 3802 1

210 3827 266 3880 me
278 3800 356 3877 sum
383 3805 487 3878 avelli
502 3801 632 3899 pallus.¹
678 3807 746 3880 Sed
763 3805 848 3902 quid
866 3803 980 3900 qualo
999 3801 1153 3880 futurum
1173 3804 1217 3875 de
1241 3821 1296 3872 rue
1311 3817 1405 3884 crat,

209 3897 236 3976 fi
262 3911 324 3974 ear
342 3901 462 3975 literas
479 3920 611 3974 tantum
618 3899 829 4068 prosecutus
846 3899 1011 3975 nilum?
1033 3899 1188 3972 Annene
1214 3896 1250 3968 in
1275 3893 1407 3969 Schola

208 3999 350 4069 tandem
367 3998 484 4093 aliqua
506 4019 616 4070 onero
629 4021 685 4069 am
700 3994 917 4090 provinciam
935 3992 1130 4070 subiiss'eml
1155 3991 1404 4064 Patrimonium

207 4096 336 4182 etenim
352 4115 423 4168 non
441 4095 491 4168 ita
508 4094 594 4166 mihi
613 4096 767 4189 amplum
793 4093 965 4187 contigit,
1000 4085 1113 4162 otioso
1137 4107 1178 4162 ιιι
1212 4086 1294 4162 inde
1316 4084 1404 4162 mihi

205 4189 332 4261 vivere
353 4191 469 4264 liceat.
520 4189 729 4285 Principalis
754 4209 870 4262 autem
895 4209 1021 4284 opera,
1038 4181 1237 4281 ¹praeteritis
1267 4184 1406 4278 aliquot

92 4294 93 4297 ’
206 4285 324 4363 annis,
347 4289 503 4379 polideae
520 4283 750 4381 disciplinaea
774 4285 875 4358 nobis
893 4281 1048 4380 impensa
1062 4280 1134 4368 est,
1157 4301 1201 4355 ex
1222 4299 1290 4373 qna
1305 4277 1402 4353 futu·

204 4399 258 4454 rae
274 4378 360 4454 ritae
373 4379 558 4460 sublidium
582 4379 894 4527 aliquod-sperare
917 4375 1132 4484 auderemus.
1181 4373 1243 4502 'lfu
1257 4393 1406 4564 auteur:ui
