<?xml version="1.0" encoding="UTF-8"?>
<!DOCTYPE html PUBLIC "-//W3C//DTD XHTML 1.0 Transitional//EN"
    "http://www.w3.org/TR/xhtml1/DTD/xhtml1-transitional.dtd">
<html xmlns="http://www.w3.org/1999/xhtml" xml:lang="en" lang="en">
 <head>
  <title>
</title>
<meta http-equiv="Content-Type" content="text/html;charset=utf-8" />
  <meta name='ocr-system' content='tesseract 3.04.00' />
  <meta name='ocr-capabilities' content='ocr_page ocr_carea ocr_par ocr_line ocrx_word'/>
</head>
<body>
  <div class='ocr_page' id='page_1' title='image "./vitavigliiabayt04papegoog_0271.png"; bbox 0 0 3967 5167; ppageno 0'>
   <div class='ocr_carea' id='block_1_1' title="bbox 369 462 1800 1051">
    <p class='ocr_par' dir='ltr' id='par_1_1' title="bbox 369 462 1800 1051">
     <span class='ocr_line' id='line_1_1' title="bbox 534 462 1800 621; baseline 0 -29"><span class='ocrx_word' id='word_1_1' title='bbox 534 514 623 621; x_wconf 53' lang='lat'><strong>‘248</strong></span> <span class='ocrx_word' id='word_1_2' title='bbox 654 462 983 606; x_wconf 69' lang='lat' dir='ltr'>Vromrns</span> <span class='ocrx_word' id='word_1_3' title='bbox 1011 499 1276 611; x_wconf 76' lang='lat' dir='ltr'>aaran</span> <span class='ocrx_word' id='word_1_4' title='bbox 1305 490 1690 602; x_wconf 82' lang='lat' dir='ltr'>zutouunu</span> <span class='ocrx_word' id='word_1_5' title='bbox 1793 564 1800 571; x_wconf 85' lang='lat'><em>.</em></span> 
     </span>
     <span class='ocr_line' id='line_1_2' title="bbox 369 726 1458 869; baseline -0.006 -46"><span class='ocrx_word' id='word_1_6' title='bbox 369 726 499 869; x_wconf 49' lang='lat' dir='ltr'>{3}fo</span> <span class='ocrx_word' id='word_1_7' title='bbox 835 728 1347 825; x_wconf 72' lang='lat' dir='ltr'>aristosa</span> <span class='ocrx_word' id='word_1_8' title='bbox 1405 726 1458 825; x_wconf 88' lang='lat' dir='ltr'>o.</span> 
     </span>
     <span class='ocr_line' id='line_1_3' title="bbox 706 940 1577 1051; baseline -0.007 0"><span class='ocrx_word' id='word_1_9' title='bbox 706 940 1577 1051; x_wconf 71' lang='lat' dir='ltr'>petrorausnno</span> 
     </span>
    </p>
   </div>
   <div class='ocr_carea' id='block_1_2' title="bbox 370 884 1749 1403">
    <p class='ocr_par' dir='ltr' id='par_1_2' title="bbox 370 884 1749 1403">
     <span class='ocr_line' id='line_1_4' title="bbox 370 884 493 971; baseline -0.033 -23"><span class='ocrx_word' id='word_1_10' title='bbox 370 884 424 971; x_wconf 80' lang='lat' dir='ltr'>fol.</span> <span class='ocrx_word' id='word_1_11' title='bbox 445 902 493 955; x_wconf 80' lang='lat'>51.</span> 
     </span>
     <span class='ocr_line' id='line_1_5' title="bbox 398 1145 1749 1371; baseline -0.012 -97"><span class='ocrx_word' id='word_1_12' title='bbox 398 1218 504 1294; x_wconf 71' lang='lat'>1537.</span> <span class='ocrx_word' id='word_1_13' title='bbox 546 1170 715 1267; x_wconf 72' lang='lat' dir='ltr'>Nrmras</span> <span class='ocrx_word' id='word_1_14' title='bbox 741 1204 767 1261; x_wconf 74' lang='lat' dir='ltr'>a</span> <span class='ocrx_word' id='word_1_15' title='bbox 796 1172 846 1294; x_wconf 65' lang='lat' dir='ltr'>se</span> <span class='ocrx_word' id='word_1_16' title='bbox 876 1171 1014 1262; x_wconf 70' lang='lat' dir='ltr'>ranan</span> <span class='ocrx_word' id='word_1_17' title='bbox 1031 1167 1144 1370; x_wconf 57' lang='lat' dir='ltr'>sequ</span> <span class='ocrx_word' id='word_1_18' title='bbox 1170 1169 1359 1371; x_wconf 52' lang='lat' dir='ltr'>regunt,</span> <span class='ocrx_word' id='word_1_19' title='bbox 1384 1200 1433 1259; x_wconf 74' lang='lat' dir='ltr'>ac</span> <span class='ocrx_word' id='word_1_20' title='bbox 1461 1168 1652 1282; x_wconf 71' lang='lat' dir='ltr'>monstra</span> <span class='ocrx_word' id='word_1_21' title='bbox 1682 1145 1749 1259; x_wconf 61' lang='grc' dir='ltr'>α’-</span> 
     </span>
     <span class='ocr_line' id='line_1_6' title="bbox 994 1306 1287 1403; baseline -0.003 -30"><span class='ocrx_word' id='word_1_22' title='bbox 994 1308 1088 1403; x_wconf 84' lang='lat' dir='ltr'>emp</span> <span class='ocrx_word' id='word_1_23' title='bbox 1105 1312 1173 1379; x_wconf 85' lang='lat' dir='ltr'>um</span> <span class='ocrx_word' id='word_1_24' title='bbox 1195 1314 1218 1372; x_wconf 87' lang='lat' dir='ltr'>e</span> <span class='ocrx_word' id='word_1_25' title='bbox 1245 1306 1287 1373; x_wconf 86' lang='lat' dir='ltr'>rt.</span> 
     </span>
    </p>
   </div>
   <div class='ocr_carea' id='block_1_3' title="bbox 639 1510 1748 1713">
    <p class='ocr_par' dir='ltr' id='par_1_3' title="bbox 639 1510 1748 1713">
     <span class='ocr_line' id='line_1_7' title="bbox 639 1510 1747 1601; baseline -0.001 -9"><span class='ocrx_word' id='word_1_26' title='bbox 639 1520 699 1592; x_wconf 91' lang='lat' dir='ltr'>On</span> <span class='ocrx_word' id='word_1_27' title='bbox 728 1515 980 1601; x_wconf 65' lang='lat' dir='ltr'>stillatione,</span> <span class='ocrx_word' id='word_1_28' title='bbox 1015 1510 1236 1589; x_wconf 79' lang='lat' dir='ltr'>Ornatillrme</span> <span class='ocrx_word' id='word_1_29' title='bbox 1261 1515 1306 1588; x_wconf 90' lang='lat' dir='ltr'>D.</span> <span class='ocrx_word' id='word_1_30' title='bbox 1333 1512 1455 1601; x_wconf 75' lang='lat' dir='ltr'>Patre,</span> <span class='ocrx_word' id='word_1_31' title='bbox 1488 1512 1532 1585; x_wconf 90' lang='lat' dir='ltr'>ab</span> <span class='ocrx_word' id='word_1_32' title='bbox 1562 1512 1747 1591; x_wconf 88' lang='lat' dir='ltr'>scribendo</span> 
     </span>
     <span class='ocr_line' id='line_1_8' title="bbox 660 1610 1748 1713; baseline -0.002 -26"><span class='ocrx_word' id='word_1_33' title='bbox 660 1640 717 1687; x_wconf 91' lang='lat' dir='ltr'>me</span> <span class='ocrx_word' id='word_1_34' title='bbox 735 1614 842 1707; x_wconf 89' lang='lat' dir='ltr'>magis</span> <span class='ocrx_word' id='word_1_35' title='bbox 871 1612 1045 1687; x_wconf 84' lang='lat' dir='ltr'>deterrere</span> <span class='ocrx_word' id='word_1_36' title='bbox 1065 1634 1227 1705; x_wconf 90' lang='lat' dir='ltr'>poteras:</span> <span class='ocrx_word' id='word_1_37' title='bbox 1252 1610 1353 1705; x_wconf 75' lang='lat' dir='ltr'>quarn</span> <span class='ocrx_word' id='word_1_38' title='bbox 1374 1610 1444 1706; x_wconf 73' lang='lat' dir='ltr'>qud</span> <span class='ocrx_word' id='word_1_39' title='bbox 1466 1634 1579 1705; x_wconf 81' lang='lat' dir='ltr'>nuper</span> <span class='ocrx_word' id='word_1_40' title='bbox 1599 1610 1678 1683; x_wconf 86' lang='lat' dir='ltr'>usus</span> <span class='ocrx_word' id='word_1_41' title='bbox 1701 1638 1748 1713; x_wconf 88' lang='lat' dir='ltr'>es.</span> 
     </span>
    </p>
   </div>
   <div class='ocr_carea' id='block_1_4' title="bbox 514 1706 1886 4005">
    <p class='ocr_par' dir='ltr' id='par_1_4' title="bbox 514 1706 1886 4005">
     <span class='ocr_line' id='line_1_9' title="bbox 548 1706 1748 1805; baseline -0.003 -18"><span class='ocrx_word' id='word_1_42' title='bbox 548 1714 626 1787; x_wconf 88' lang='lat' dir='ltr'>Tot</span> <span class='ocrx_word' id='word_1_43' title='bbox 646 1716 737 1784; x_wconf 89' lang='lat' dir='ltr'>enim</span> <span class='ocrx_word' id='word_1_44' title='bbox 757 1713 791 1781; x_wconf 95' lang='lat' dir='ltr'>in</span> <span class='ocrx_word' id='word_1_45' title='bbox 813 1732 868 1783; x_wconf 90' lang='lat' dir='ltr'>me</span> <span class='ocrx_word' id='word_1_46' title='bbox 891 1714 1011 1783; x_wconf 91' lang='lat' dir='ltr'>laudes</span> <span class='ocrx_word' id='word_1_47' title='bbox 1030 1713 1245 1796; x_wconf 80' lang='lat' dir='ltr'>accumulas,</span> <span class='ocrx_word' id='word_1_48' title='bbox 1272 1731 1310 1779; x_wconf 91' lang='lat' dir='ltr'>ut</span> <span class='ocrx_word' id='word_1_49' title='bbox 1332 1730 1442 1801; x_wconf 91' lang='lat' dir='ltr'>neque</span> <span class='ocrx_word' id='word_1_50' title='bbox 1466 1706 1618 1781; x_wconf 85' lang='lat' dir='ltr'>frontem</span> <span class='ocrx_word' id='word_1_51' title='bbox 1635 1733 1748 1805; x_wconf 91' lang='lat' dir='ltr'>neque</span> 
     </span>
     <span class='ocr_line' id='line_1_10' title="bbox 548 1801 1750 1903; baseline -0.006 -19"><span class='ocrx_word' id='word_1_52' title='bbox 548 1812 719 1885; x_wconf 85' lang='lat' dir='ltr'>calamum</span> <span class='ocrx_word' id='word_1_53' title='bbox 740 1828 859 1879; x_wconf 89' lang='lat' dir='ltr'>tenere</span> <span class='ocrx_word' id='word_1_54' title='bbox 877 1830 1012 1903; x_wconf 86' lang='lat' dir='ltr'>queam.</span> <span class='ocrx_word' id='word_1_55' title='bbox 1053 1805 1283 1901; x_wconf 87' lang='lat' dir='ltr'>Nimiumque</span> <span class='ocrx_word' id='word_1_56' title='bbox 1298 1804 1384 1877; x_wconf 87' lang='lat' dir='ltr'>mihi</span> <span class='ocrx_word' id='word_1_57' title='bbox 1398 1801 1470 1897; x_wconf 86' lang='lat' dir='ltr'>ipse</span> <span class='ocrx_word' id='word_1_58' title='bbox 1485 1803 1654 1897; x_wconf 82' lang='lat' dir='ltr'>displiceo</span> <span class='ocrx_word' id='word_1_59' title='bbox 1671 1807 1750 1879; x_wconf 78' lang='lat' dir='ltr'>ciam</span> 
     </span>
     <span class='ocr_line' id='line_1_11' title="bbox 545 1899 1751 2001; baseline -0.004 -21"><span class='ocrx_word' id='word_1_60' title='bbox 545 1904 715 2001; x_wconf 86' lang='lat' dir='ltr'>meipsum</span> <span class='ocrx_word' id='word_1_61' title='bbox 735 1903 892 1993; x_wconf 89' lang='lat' dir='ltr'>intueor,</span> <span class='ocrx_word' id='word_1_62' title='bbox 919 1928 960 1977; x_wconf 90' lang='lat' dir='ltr'>ac</span> <span class='ocrx_word' id='word_1_63' title='bbox 974 1904 1082 1974; x_wconf 87' lang='lat' dir='ltr'>video</span> <span class='ocrx_word' id='word_1_64' title='bbox 1097 1923 1266 1997; x_wconf 89' lang='lat' dir='ltr'>quantum</span> <span class='ocrx_word' id='word_1_65' title='bbox 1281 1904 1325 1975; x_wconf 87' lang='lat' dir='ltr'>ab</span> <span class='ocrx_word' id='word_1_66' title='bbox 1344 1901 1412 1974; x_wconf 90' lang='lat' dir='ltr'>illis</span> <span class='ocrx_word' id='word_1_67' title='bbox 1432 1902 1502 1973; x_wconf 90' lang='lat' dir='ltr'>tuis</span> <span class='ocrx_word' id='word_1_68' title='bbox 1519 1899 1751 1997; x_wconf 85' lang='lat' dir='ltr'>hyperbolis,</span> 
     </span>
     <span class='ocr_line' id='line_1_12' title="bbox 549 1998 1751 2115; baseline 0.001 -41"><span class='ocrx_word' id='word_1_69' title='bbox 549 2004 677 2099; x_wconf 93' lang='lat' dir='ltr'>quibus</span> <span class='ocrx_word' id='word_1_70' title='bbox 695 2000 838 2073; x_wconf 89' lang='lat' dir='ltr'>nimium</span> <span class='ocrx_word' id='word_1_71' title='bbox 857 2024 910 2073; x_wconf 89' lang='lat' dir='ltr'>mc</span> <span class='ocrx_word' id='word_1_72' title='bbox 935 2000 1094 2085; x_wconf 89' lang='lat' dir='ltr'>extollis,</span> <span class='ocrx_word' id='word_1_73' title='bbox 1119 1998 1255 2083; x_wconf 88' lang='lat' dir='ltr'>absum,</span> <span class='ocrx_word' id='word_1_74' title='bbox 1282 1999 1319 2072; x_wconf 77' lang='grc' dir='ltr'>δι</span> <span class='ocrx_word' id='word_1_75' title='bbox 1342 1998 1452 2091; x_wconf 86' lang='lat' dir='ltr'>pudet</span> <span class='ocrx_word' id='word_1_76' title='bbox 1479 2020 1533 2071; x_wconf 89' lang='lat' dir='ltr'>me</span> <span class='ocrx_word' id='word_1_77' title='bbox 1561 1998 1653 2072; x_wconf 87' lang='lat' dir='ltr'>aded</span> <span class='ocrx_word' id='word_1_78' title='bbox 1678 2000 1751 2115; x_wconf 71' lang='lat' dir='ltr'>ejus</span> 
     </span>
     <span class='ocr_line' id='line_1_13' title="bbox 550 2088 1752 2189; baseline -0.006 -15"><span class='ocrx_word' id='word_1_79' title='bbox 550 2096 739 2175; x_wconf 82' lang='lat' dir='ltr'>diffimilem</span> <span class='ocrx_word' id='word_1_80' title='bbox 763 2093 847 2177; x_wconf 84' lang='lat' dir='ltr'>effe,</span> <span class='ocrx_word' id='word_1_81' title='bbox 874 2120 977 2189; x_wconf 89' lang='lat' dir='ltr'>quem</span> <span class='ocrx_word' id='word_1_82' title='bbox 1001 2118 1040 2169; x_wconf 90' lang='lat' dir='ltr'>tu</span> <span class='ocrx_word' id='word_1_83' title='bbox 1060 2119 1115 2167; x_wconf 81' lang='lat' dir='ltr'>ms</span> <span class='ocrx_word' id='word_1_84' title='bbox 1135 2097 1254 2169; x_wconf 89' lang='lat' dir='ltr'>inillis</span> <span class='ocrx_word' id='word_1_85' title='bbox 1279 2094 1389 2167; x_wconf 89' lang='lat' dir='ltr'>literis</span> <span class='ocrx_word' id='word_1_86' title='bbox 1414 2088 1512 2165; x_wconf 82' lang='lat' dir='ltr'>facis.</span> <span class='ocrx_word' id='word_1_87' title='bbox 1545 2094 1657 2169; x_wconf 70' lang='lat' dir='ltr'>Certe</span> <span class='ocrx_word' id='word_1_88' title='bbox 1672 2120 1752 2170; x_wconf 89' lang='lat' dir='ltr'>curn</span> 
     </span>
     <span class='ocr_line' id='line_1_14' title="bbox 550 2186 1751 2287; baseline -0.002 -19"><span class='ocrx_word' id='word_1_89' title='bbox 550 2214 588 2268; x_wconf 95' lang='lat' dir='ltr'>tu</span> <span class='ocrx_word' id='word_1_90' title='bbox 612 2194 810 2267; x_wconf 85' lang='lat' dir='ltr'>eonomine</span> <span class='ocrx_word' id='word_1_91' title='bbox 837 2193 952 2267; x_wconf 87' lang='lat' dir='ltr'>literas</span> <span class='ocrx_word' id='word_1_92' title='bbox 979 2212 1130 2265; x_wconf 82' lang='lat' dir='ltr'>measse</span> <span class='ocrx_word' id='word_1_93' title='bbox 1154 2190 1346 2265; x_wconf 83' lang='lat' dir='ltr'>defiderare</span> <span class='ocrx_word' id='word_1_94' title='bbox 1376 2186 1522 2279; x_wconf 87' lang='lat' dir='ltr'>scribas,</span> <span class='ocrx_word' id='word_1_95' title='bbox 1548 2194 1643 2287; x_wconf 91' lang='lat' dir='ltr'>quod</span> <span class='ocrx_word' id='word_1_96' title='bbox 1667 2192 1751 2266; x_wconf 88' lang='lat' dir='ltr'>inde</span> 
     </span>
     <span class='ocr_line' id='line_1_15' title="bbox 550 2284 1751 2389; baseline -0.003 -24"><span class='ocrx_word' id='word_1_97' title='bbox 550 2294 722 2389; x_wconf 87' lang='lat' dir='ltr'>quandam</span> <span class='ocrx_word' id='word_1_98' title='bbox 737 2290 876 2362; x_wconf 90' lang='lat' dir='ltr'>haurire</span> <span class='ocrx_word' id='word_1_99' title='bbox 894 2313 929 2364; x_wconf 88' lang='lat' dir='ltr'>te</span> <span class='ocrx_word' id='word_1_100' title='bbox 948 2287 1043 2385; x_wconf 83' lang='lat' dir='ltr'>polle</span> <span class='ocrx_word' id='word_1_101' title='bbox 1062 2284 1254 2363; x_wconf 62' lang='lat' dir='ltr'>doctrinam</span> <span class='ocrx_word' id='word_1_102' title='bbox 1274 2308 1447 2361; x_wconf 88' lang='lat' dir='ltr'>autumes:</span> <span class='ocrx_word' id='word_1_103' title='bbox 1473 2310 1542 2360; x_wconf 91' lang='lat' dir='ltr'>non</span> <span class='ocrx_word' id='word_1_104' title='bbox 1557 2290 1663 2361; x_wconf 89' lang='lat' dir='ltr'>modd</span> <span class='ocrx_word' id='word_1_105' title='bbox 1681 2290 1751 2361; x_wconf 91' lang='lat' dir='ltr'>tibi</span> 
     </span>
     <span class='ocr_line' id='line_1_16' title="bbox 550 2382 1837 2485; baseline -0.003 -22"><span class='ocrx_word' id='word_1_106' title='bbox 550 2388 615 2485; x_wconf 85' lang='lat' dir='ltr'>ipsi</span> <span class='ocrx_word' id='word_1_107' title='bbox 638 2389 817 2484; x_wconf 89' lang='lat' dir='ltr'>imponis,</span> <span class='ocrx_word' id='word_1_108' title='bbox 854 2384 933 2459; x_wconf 80' lang='lat' dir='ltr'>clim</span> <span class='ocrx_word' id='word_1_109' title='bbox 959 2388 1028 2459; x_wconf 82' lang='lat' dir='ltr'>tale</span> <span class='ocrx_word' id='word_1_110' title='bbox 1055 2386 1141 2459; x_wconf 88' lang='lat' dir='ltr'>nihil</span> <span class='ocrx_word' id='word_1_111' title='bbox 1167 2408 1260 2459; x_wconf 90' lang='lat' dir='ltr'>ame</span> <span class='ocrx_word' id='word_1_112' title='bbox 1282 2382 1437 2480; x_wconf 80' lang='lat' dir='ltr'>praestari</span> <span class='ocrx_word' id='word_1_113' title='bbox 1467 2406 1595 2479; x_wconf 83' lang='lat' dir='ltr'>queat,</span> <span class='ocrx_word' id='word_1_114' title='bbox 1622 2382 1762 2459; x_wconf 75' lang='lat' dir='ltr'>veriam·</span> <span class='ocrx_word' id='word_1_115' title='bbox 1832 2454 1837 2466; x_wconf 93' lang='grc'>,</span> 
     </span>
     <span class='ocr_line' id='line_1_17' title="bbox 550 2478 1753 2578; baseline -0.005 -17"><span class='ocrx_word' id='word_1_116' title='bbox 550 2485 650 2561; x_wconf 88' lang='lat' dir='ltr'>etiarn</span> <span class='ocrx_word' id='word_1_117' title='bbox 677 2508 732 2557; x_wconf 90' lang='lat' dir='ltr'>me</span> <span class='ocrx_word' id='word_1_118' title='bbox 753 2482 973 2557; x_wconf 87' lang='lat' dir='ltr'>solicitudine</span> <span class='ocrx_word' id='word_1_119' title='bbox 989 2480 1138 2578; x_wconf 71' lang='lat' dir='ltr'>quddam</span> <span class='ocrx_word' id='word_1_120' title='bbox 1162 2504 1298 2577; x_wconf 84' lang='lat' dir='ltr'>gravas.</span> <span class='ocrx_word' id='word_1_121' title='bbox 1347 2478 1444 2552; x_wconf 90' lang='lat' dir='ltr'>Nam</span> <span class='ocrx_word' id='word_1_122' title='bbox 1468 2479 1548 2553; x_wconf 78' lang='lat' dir='ltr'>clun</span> <span class='ocrx_word' id='word_1_123' title='bbox 1571 2500 1605 2555; x_wconf 89' lang='lat' dir='ltr'>te</span> <span class='ocrx_word' id='word_1_124' title='bbox 1629 2502 1672 2555; x_wconf 86' lang='lat' dir='ltr'>ea</span> <span class='ocrx_word' id='word_1_125' title='bbox 1690 2502 1753 2555; x_wconf 85' lang='lat' dir='ltr'>ex·</span> 
     </span>
     <span class='ocr_line' id='line_1_18' title="bbox 579 2575 1754 2675; baseline -0.004 -20"><span class='ocrx_word' id='word_1_126' title='bbox 579 2585 691 2655; x_wconf 69' lang='lat' dir='ltr'>estare</span> <span class='ocrx_word' id='word_1_127' title='bbox 714 2603 757 2651; x_wconf 86' lang='lat' dir='ltr'>ex</span> <span class='ocrx_word' id='word_1_128' title='bbox 775 2582 885 2655; x_wconf 88' lang='lat' dir='ltr'>literis</span> <span class='ocrx_word' id='word_1_129' title='bbox 909 2581 997 2653; x_wconf 86' lang='lat' dir='ltr'>meis</span> <span class='ocrx_word' id='word_1_130' title='bbox 1023 2579 1126 2653; x_wconf 89' lang='lat' dir='ltr'>sciam</span> <span class='ocrx_word' id='word_1_131' title='bbox 1150 2602 1231 2675; x_wconf 87' lang='lat' dir='ltr'>quae</span> <span class='ocrx_word' id='word_1_132' title='bbox 1258 2577 1420 2674; x_wconf 86' lang='lat' dir='ltr'>praellare</span> <span class='ocrx_word' id='word_1_133' title='bbox 1438 2600 1508 2647; x_wconf 90' lang='lat' dir='ltr'>non</span> <span class='ocrx_word' id='word_1_134' title='bbox 1532 2575 1686 2673; x_wconf 72' lang='lat' dir='ltr'>polium:</span> <span class='ocrx_word' id='word_1_135' title='bbox 1714 2576 1754 2650; x_wconf 86' lang='lat' dir='ltr'>st·</span> 
     </span>
     <span class='ocr_line' id='line_1_19' title="bbox 549 2606 1754 2770; baseline -0.002 -20"><span class='ocrx_word' id='word_1_136' title='bbox 549 2606 624 2751; x_wconf 63' lang='lat' dir='ltr'>fiere</span> <span class='ocrx_word' id='word_1_137' title='bbox 643 2678 767 2751; x_wconf 89' lang='lat' dir='ltr'>deinde</span> <span class='ocrx_word' id='word_1_138' title='bbox 785 2676 981 2749; x_wconf 74' lang='lat' dir='ltr'>tutissimum</span> <span class='ocrx_word' id='word_1_139' title='bbox 1000 2674 1064 2749; x_wconf 85' lang='lat' dir='ltr'>elle</span> <span class='ocrx_word' id='word_1_140' title='bbox 1089 2692 1190 2770; x_wconf 87' lang='lat' dir='ltr'>puto.</span> <span class='ocrx_word' id='word_1_141' title='bbox 1242 2676 1315 2747; x_wconf 87' lang='lat' dir='ltr'>Aut</span> <span class='ocrx_word' id='word_1_142' title='bbox 1339 2694 1375 2746; x_wconf 93' lang='lat' dir='ltr'>tu</span> <span class='ocrx_word' id='word_1_143' title='bbox 1395 2675 1503 2766; x_wconf 86' lang='lat' dir='ltr'>igitur</span> <span class='ocrx_word' id='word_1_144' title='bbox 1547 2672 1669 2747; x_wconf 90' lang='lat' dir='ltr'>osthac</span> <span class='ocrx_word' id='word_1_145' title='bbox 1684 2676 1754 2749; x_wconf 88' lang='lat' dir='ltr'>istis</span> 
     </span>
     <span class='ocr_line' id='line_1_20' title="bbox 550 2768 1754 2867; baseline -0.004 -22"><span class='ocrx_word' id='word_1_146' title='bbox 550 2771 809 2845; x_wconf 83' lang='lat' dir='ltr'>laudationibus</span> <span class='ocrx_word' id='word_1_147' title='bbox 836 2772 987 2855; x_wconf 86' lang='lat' dir='ltr'>abstine,</span> <span class='ocrx_word' id='word_1_148' title='bbox 1014 2793 1074 2845; x_wconf 91' lang='lat' dir='ltr'>aut</span> <span class='ocrx_word' id='word_1_149' title='bbox 1098 2795 1189 2845; x_wconf 89' lang='lat' dir='ltr'>meas</span> <span class='ocrx_word' id='word_1_150' title='bbox 1203 2771 1335 2843; x_wconf 87' lang='lat' dir='ltr'>litteras</span> <span class='ocrx_word' id='word_1_151' title='bbox 1353 2794 1397 2842; x_wconf 90' lang='lat' dir='ltr'>ne</span> <span class='ocrx_word' id='word_1_152' title='bbox 1414 2792 1506 2867; x_wconf 84' lang='lat' dir='ltr'>expe</span> <span class='ocrx_word' id='word_1_153' title='bbox 1543 2795 1572 2844; x_wconf 90' lang='lat' dir='ltr'>a.</span> <span class='ocrx_word' id='word_1_154' title='bbox 1609 2768 1682 2845; x_wconf 91' lang='lat' dir='ltr'>Res</span> <span class='ocrx_word' id='word_1_155' title='bbox 1696 2796 1754 2843; x_wconf 88' lang='lat' dir='ltr'>au·.</span> 
     </span>
     <span class='ocr_line' id='line_1_21' title="bbox 551 2865 1754 2964; baseline -0.002 -21"><span class='ocrx_word' id='word_1_156' title='bbox 551 2891 622 2943; x_wconf 91' lang='lat' dir='ltr'>tem</span> <span class='ocrx_word' id='word_1_157' title='bbox 645 2866 706 2940; x_wconf 89' lang='lat' dir='ltr'>ista</span> <span class='ocrx_word' id='word_1_158' title='bbox 722 2868 937 2962; x_wconf 85' lang='lat' dir='ltr'>postulabat,</span> <span class='ocrx_word' id='word_1_159' title='bbox 963 2890 1003 2942; x_wconf 90' lang='lat' dir='ltr'>ut</span> <span class='ocrx_word' id='word_1_160' title='bbox 1022 2868 1182 2964; x_wconf 87' lang='lat' dir='ltr'>pluribus</span> <span class='ocrx_word' id='word_1_161' title='bbox 1193 2868 1363 2964; x_wconf 86' lang='lat' dir='ltr'>judicium</span> <span class='ocrx_word' id='word_1_162' title='bbox 1378 2866 1468 2939; x_wconf 88' lang='lat' dir='ltr'>istud</span> <span class='ocrx_word' id='word_1_163' title='bbox 1482 2887 1604 2956; x_wconf 74' lang='lat' dir='ltr'>tuum,</span> <span class='ocrx_word' id='word_1_164' title='bbox 1627 2872 1689 2943; x_wconf 86' lang='lat' dir='ltr'>vel</span> <span class='ocrx_word' id='word_1_165' title='bbox 1704 2865 1754 2941; x_wconf 85' lang='lat' dir='ltr'>af·</span> 
     </span>
     <span class='ocr_line' id='line_1_22' title="bbox 550 2961 1755 3061; baseline 0.003 -24"><span class='ocrx_word' id='word_1_166' title='bbox 550 2964 681 3039; x_wconf 73' lang='lat' dir='ltr'>festum</span> <span class='ocrx_word' id='word_1_167' title='bbox 706 2966 824 3059; x_wconf 88' lang='lat' dir='ltr'>potius</span> <span class='ocrx_word' id='word_1_168' title='bbox 852 2961 1066 3051; x_wconf 86' lang='lat' dir='ltr'>refellerem,</span> <span class='ocrx_word' id='word_1_169' title='bbox 1090 2963 1148 3038; x_wconf 84' lang='lat' dir='ltr'>sed</span> <span class='ocrx_word' id='word_1_170' title='bbox 1169 2964 1275 3039; x_wconf 90' lang='lat' dir='ltr'>habet</span> <span class='ocrx_word' id='word_1_171' title='bbox 1298 2964 1336 3036; x_wconf 76' lang='grc' dir='ltr'>δι</span> <span class='ocrx_word' id='word_1_172' title='bbox 1352 2964 1424 3037; x_wconf 88' lang='lat' dir='ltr'>hoc</span> <span class='ocrx_word' id='word_1_173' title='bbox 1453 2966 1650 3041; x_wconf 85' lang='lat' dir='ltr'>ambitionis</span> <span class='ocrx_word' id='word_1_174' title='bbox 1677 2966 1755 3061; x_wconf 86' lang='lat' dir='ltr'>spe·</span> 
     </span>
     <span class='ocr_line' id='line_1_23' title="bbox 551 3056 1752 3158; baseline -0.002 -21"><span class='ocrx_word' id='word_1_175' title='bbox 551 3064 651 3137; x_wconf 85' lang='lat' dir='ltr'>ciem.</span> <span class='ocrx_word' id='word_1_176' title='bbox 712 3060 832 3149; x_wconf 90' lang='lat' dir='ltr'>Quum</span> <span class='ocrx_word' id='word_1_177' title='bbox 854 3063 940 3134; x_wconf 87' lang='lat' dir='ltr'>verd</span> <span class='ocrx_word' id='word_1_178' title='bbox 968 3072 1032 3135; x_wconf 81' lang='lat' dir='ltr'>nos</span> <span class='ocrx_word' id='word_1_179' title='bbox 1055 3062 1199 3158; x_wconf 74' lang='lat' dir='ltr'>antiqua</span> <span class='ocrx_word' id='word_1_180' title='bbox 1225 3056 1338 3157; x_wconf 68' lang='lat' dir='ltr'>junbli</span> <span class='ocrx_word' id='word_1_181' title='bbox 1362 3058 1464 3133; x_wconf 86' lang='lat' dir='ltr'>fimus</span> <span class='ocrx_word' id='word_1_182' title='bbox 1489 3062 1672 3148; x_wconf 71' lang='lat' dir='ltr'>amicitiai,</span> <span class='ocrx_word' id='word_1_183' title='bbox 1703 3064 1752 3135; x_wconf 89' lang='lat' dir='ltr'>mi</span> 
     </span>
     <span class='ocr_line' id='line_1_24' title="bbox 550 3158 1754 3253; baseline 0 -21"><span class='ocrx_word' id='word_1_184' title='bbox 550 3162 671 3242; x_wconf 73' lang='lat' dir='ltr'>Patre,</span> <span class='ocrx_word' id='word_1_185' title='bbox 697 3160 782 3251; x_wconf 90' lang='lat' dir='ltr'>quid</span> <span class='ocrx_word' id='word_1_186' title='bbox 806 3178 895 3250; x_wconf 87' lang='lat' dir='ltr'>opus</span> <span class='ocrx_word' id='word_1_187' title='bbox 914 3179 1008 3245; x_wconf 88' lang='lat' dir='ltr'>erat,</span> <span class='ocrx_word' id='word_1_188' title='bbox 1033 3179 1068 3230; x_wconf 90' lang='lat' dir='ltr'>te</span> <span class='ocrx_word' id='word_1_189' title='bbox 1091 3161 1160 3230; x_wconf 88' lang='lat' dir='ltr'>tale</span> <span class='ocrx_word' id='word_1_190' title='bbox 1175 3180 1330 3253; x_wconf 90' lang='lat' dir='ltr'>quaerere</span> <span class='ocrx_word' id='word_1_191' title='bbox 1351 3158 1626 3253; x_wconf 79' lang='lat' dir='ltr'>argumentum?</span> <span class='ocrx_word' id='word_1_192' title='bbox 1650 3158 1754 3232; x_wconf 69' lang='lat' dir='ltr'>Prin«</span> 
     </span>
     <span class='ocr_line' id='line_1_25' title="bbox 550 3252 1753 3350; baseline 0 -22"><span class='ocrx_word' id='word_1_193' title='bbox 550 3278 604 3329; x_wconf 85' lang='lat' dir='ltr'>res</span> <span class='ocrx_word' id='word_1_194' title='bbox 628 3252 709 3327; x_wconf 78' lang='lat' dir='ltr'>saud</span> <span class='ocrx_word' id='word_1_195' title='bbox 735 3256 863 3327; x_wconf 87' lang='lat' dir='ltr'>litterae</span> <span class='ocrx_word' id='word_1_196' title='bbox 879 3274 967 3341; x_wconf 84' lang='lat' dir='ltr'>tuae,</span> <span class='ocrx_word' id='word_1_197' title='bbox 994 3257 1120 3350; x_wconf 89' lang='lat' dir='ltr'>quibus</span> <span class='ocrx_word' id='word_1_198' title='bbox 1139 3274 1297 3329; x_wconf 90' lang='lat' dir='ltr'>veterum</span> <span class='ocrx_word' id='word_1_199' title='bbox 1313 3255 1504 3327; x_wconf 88' lang='lat' dir='ltr'>amicorum</span> <span class='ocrx_word' id='word_1_200' title='bbox 1525 3279 1567 3329; x_wconf 88' lang='lat' dir='ltr'>ac</span> <span class='ocrx_word' id='word_1_201' title='bbox 1584 3254 1753 3329; x_wconf 82' lang='lat' dir='ltr'>sodalium</span> 
     </span>
     <span class='ocr_line' id='line_1_26' title="bbox 514 3347 1886 3447; baseline -0.001 -21"><span class='ocrx_word' id='word_1_202' title='bbox 514 3407 516 3416; x_wconf 82' lang='grc'><em>.</em></span> <span class='ocrx_word' id='word_1_203' title='bbox 551 3354 752 3426; x_wconf 87' lang='lat' dir='ltr'>memoriam</span> <span class='ocrx_word' id='word_1_204' title='bbox 774 3348 973 3432; x_wconf 85' lang='lat' dir='ltr'>refricuisti‚</span> <span class='ocrx_word' id='word_1_205' title='bbox 1000 3354 1112 3423; x_wconf 90' lang='lat' dir='ltr'>multo</span> <span class='ocrx_word' id='word_1_206' title='bbox 1126 3353 1211 3425; x_wconf 89' lang='lat' dir='ltr'>mihi</span> <span class='ocrx_word' id='word_1_207' title='bbox 1227 3352 1396 3447; x_wconf 87' lang='lat' dir='ltr'>gratiores</span> <span class='ocrx_word' id='word_1_208' title='bbox 1414 3347 1513 3423; x_wconf 88' lang='lat' dir='ltr'>fuere</span> <span class='ocrx_word' id='word_1_209' title='bbox 1531 3350 1615 3427; x_wconf 86' lang='lat' dir='ltr'>istis.</span> <span class='ocrx_word' id='word_1_210' title='bbox 1633 3352 1755 3424; x_wconf 85' lang='lat' dir='ltr'>Proin·</span> <span class='ocrx_word' id='word_1_211' title='bbox 1885 3369 1886 3440; x_wconf 60' lang='lat' dir='ltr'>l</span> 
     </span>
     <span class='ocr_line' id='line_1_27' title="bbox 553 3446 1886 3547; baseline -0.001 -26"><span class='ocrx_word' id='word_1_212' title='bbox 553 3448 660 3522; x_wconf 90' lang='lat' dir='ltr'>dede</span> <span class='ocrx_word' id='word_1_213' title='bbox 683 3446 752 3520; x_wconf 89' lang='lat' dir='ltr'>istis</span> <span class='ocrx_word' id='word_1_214' title='bbox 779 3450 891 3519; x_wconf 90' lang='lat' dir='ltr'>multo</span> <span class='ocrx_word' id='word_1_215' title='bbox 918 3450 1034 3519; x_wconf 88' lang='lat' dir='ltr'>malim</span> <span class='ocrx_word' id='word_1_216' title='bbox 1058 3467 1096 3519; x_wconf 91' lang='lat' dir='ltr'>te</span> <span class='ocrx_word' id='word_1_217' title='bbox 1121 3447 1255 3543; x_wconf 89' lang='lat' dir='ltr'>aliquid</span> <span class='ocrx_word' id='word_1_218' title='bbox 1284 3447 1428 3541; x_wconf 85' lang='lat' dir='ltr'>posthac</span> <span class='ocrx_word' id='word_1_219' title='bbox 1448 3446 1620 3530; x_wconf 88' lang='lat' dir='ltr'>scribere,</span> <span class='ocrx_word' id='word_1_220' title='bbox 1646 3450 1755 3547; x_wconf 76' lang='lat' dir='ltr'>qubtn</span> <span class='ocrx_word' id='word_1_221' title='bbox 1885 3493 1886 3520; x_wconf 69' lang='lat'>1</span> 
     </span>
     <span class='ocr_line' id='line_1_28' title="bbox 552 3531 1886 3641; baseline -0.001 -22"><span class='ocrx_word' id='word_1_222' title='bbox 552 3546 596 3619; x_wconf 87' lang='lat' dir='ltr'>de</span> <span class='ocrx_word' id='word_1_223' title='bbox 619 3568 685 3618; x_wconf 88' lang='lat' dir='ltr'>me.</span> <span class='ocrx_word' id='word_1_224' title='bbox 736 3540 793 3617; x_wconf 89' lang='lat' dir='ltr'>De</span> <span class='ocrx_word' id='word_1_225' title='bbox 814 3540 946 3617; x_wconf 86' lang='lat' dir='ltr'>foedere</span> <span class='ocrx_word' id='word_1_226' title='bbox 969 3541 1034 3615; x_wconf 91' lang='lat' dir='ltr'>isto</span> <span class='ocrx_word' id='word_1_227' title='bbox 1059 3541 1134 3637; x_wconf 90' lang='lat'>(1)</span> <span class='ocrx_word' id='word_1_228' title='bbox 1159 3546 1195 3615; x_wconf 92' lang='lat' dir='ltr'>in</span> <span class='ocrx_word' id='word_1_229' title='bbox 1212 3544 1327 3617; x_wconf 90' lang='lat' dir='ltr'>medio</span> <span class='ocrx_word' id='word_1_230' title='bbox 1350 3567 1463 3617; x_wconf 89' lang='lat' dir='ltr'>rerum</span> <span class='ocrx_word' id='word_1_231' title='bbox 1479 3542 1629 3619; x_wconf 86' lang='lat' dir='ltr'>succellu</span> <span class='ocrx_word' id='word_1_232' title='bbox 1647 3549 1754 3641; x_wconf 71' lang='lat' dir='ltr'>pasto</span> <span class='ocrx_word' id='word_1_233' title='bbox 1885 3531 1886 3626; x_wconf 59' lang='lat' dir='ltr'>i</span> 
     </span>
     <span class='ocr_line' id='line_1_29' title="bbox 551 3635 1755 3736; baseline 0.001 -23"><span class='ocrx_word' id='word_1_234' title='bbox 551 3641 657 3715; x_wconf 88' lang='lat' dir='ltr'>valde</span> <span class='ocrx_word' id='word_1_235' title='bbox 675 3638 789 3713; x_wconf 89' lang='lat' dir='ltr'>sumus</span> <span class='ocrx_word' id='word_1_236' title='bbox 810 3642 978 3713; x_wconf 88' lang='lat' dir='ltr'>admirati.</span> <span class='ocrx_word' id='word_1_237' title='bbox 1010 3635 1084 3711; x_wconf 87' lang='lat' dir='ltr'>Sed</span> <span class='ocrx_word' id='word_1_238' title='bbox 1101 3641 1230 3733; x_wconf 85' lang='lat' dir='ltr'>vulgus</span> <span class='ocrx_word' id='word_1_239' title='bbox 1277 3641 1458 3734; x_wconf 78' lang='lat' dir='ltr'>letumque</span> <span class='ocrx_word' id='word_1_240' title='bbox 1473 3643 1621 3736; x_wconf 87' lang='lat' dir='ltr'>ignorat.</span> <span class='ocrx_word' id='word_1_241' title='bbox 1647 3642 1755 3715; x_wconf 82' lang='lat' dir='ltr'>Faxit</span> 
     </span>
     <span class='ocr_line' id='line_1_30' title="bbox 553 3732 1886 3832; baseline 0 -20"><span class='ocrx_word' id='word_1_242' title='bbox 553 3738 652 3814; x_wconf 90' lang='lat' dir='ltr'>Deus</span> <span class='ocrx_word' id='word_1_243' title='bbox 669 3738 745 3809; x_wconf 90' lang='lat' dir='ltr'>istas</span> <span class='ocrx_word' id='word_1_244' title='bbox 763 3736 919 3809; x_wconf 88' lang='lat' dir='ltr'>inducias</span> <span class='ocrx_word' id='word_1_245' title='bbox 943 3756 1043 3807; x_wconf 89' lang='lat' dir='ltr'>tanto</span> <span class='ocrx_word' id='word_1_246' title='bbox 1066 3732 1224 3808; x_wconf 84' lang='lat' dir='ltr'>nostrise</span> <span class='ocrx_word' id='word_1_247' title='bbox 1253 3762 1272 3809; x_wconf 87' lang='lat' dir='ltr'>e</span> <span class='ocrx_word' id='word_1_248' title='bbox 1296 3740 1449 3811; x_wconf 87' lang='lat' dir='ltr'>utiliores</span> <span class='ocrx_word' id='word_1_249' title='bbox 1477 3760 1611 3832; x_wconf 87' lang='lat' dir='ltr'>quanto</span> <span class='ocrx_word' id='word_1_250' title='bbox 1636 3742 1753 3812; x_wconf 89' lang='lat' dir='ltr'>minus</span> <span class='ocrx_word' id='word_1_251' title='bbox 1885 3765 1886 3768; x_wconf 45' lang='lat'>¹</span> 
     </span>
     <span class='ocr_line' id='line_1_31' title="bbox 550 3828 1886 3909; baseline -0.002 0"><span class='ocrx_word' id='word_1_252' title='bbox 550 3833 702 3909; x_wconf 76' lang='lat' dir='ltr'>honestae</span> <span class='ocrx_word' id='word_1_253' title='bbox 720 3832 892 3909; x_wconf 87' lang='lat' dir='ltr'>videntur.</span> <span class='ocrx_word' id='word_1_254' title='bbox 939 3830 998 3905; x_wconf 84' lang='lat' dir='ltr'>Ex</span> <span class='ocrx_word' id='word_1_255' title='bbox 1017 3828 1211 3905; x_wconf 80' lang='lat' dir='ltr'>ltalia&#39;satis</span> <span class='ocrx_word' id='word_1_256' title='bbox 1227 3834 1308 3906; x_wconf 86' lang='lat' dir='ltr'>laeta</span> <span class='ocrx_word' id='word_1_257' title='bbox 1326 3836 1546 3909; x_wconf 86' lang='lat' dir='ltr'>nunciantur.</span> <span class='ocrx_word' id='word_1_258' title='bbox 1596 3834 1755 3909; x_wconf 88' lang='lat' dir='ltr'>Turcam</span> <span class='ocrx_word' id='word_1_259' title='bbox 1885 3853 1886 3856; x_wconf 71' lang='grc'>’</span> 
     </span>
     <span class='ocr_line' id='line_1_32' title="bbox 1715 3953 1886 4005; baseline 0 -47"><span class='ocrx_word' id='word_1_260' title='bbox 1715 3955 1759 4005; x_wconf 71' lang='lat' dir='ltr'><strong>m</strong></span> <span class='ocrx_word' id='word_1_261' title='bbox 1875 3953 1886 4003; x_wconf 62' lang='lat'>.‘</span> 
     </span>
    </p>
   </div>
   <div class='ocr_carea' id='block_1_5' title="bbox 547 4107 1886 4445">
    <p class='ocr_par' dir='ltr' id='par_1_5' title="bbox 547 4107 1886 4445">
     <span class='ocr_line' id='line_1_33' title="bbox 596 4107 1886 4196; baseline 0.002 -21"><span class='ocrx_word' id='word_1_262' title='bbox 596 4109 662 4195; x_wconf 85' lang='lat'>(1)</span> <span class='ocrx_word' id='word_1_263' title='bbox 683 4111 733 4175; x_wconf 86' lang='lat' dir='ltr'>De</span> <span class='ocrx_word' id='word_1_264' title='bbox 747 4110 863 4194; x_wconf 77' lang='lat' dir='ltr'>fodere</span> <span class='ocrx_word' id='word_1_265' title='bbox 884 4107 957 4193; x_wconf 78' lang='lat' dir='ltr'>isto]</span> <span class='ocrx_word' id='word_1_266' title='bbox 981 4109 1141 4196; x_wconf 88' lang='lat' dir='ltr'>Intellige</span> <span class='ocrx_word' id='word_1_267' title='bbox 1163 4110 1208 4176; x_wconf 90' lang='lat' dir='ltr'>de</span> <span class='ocrx_word' id='word_1_268' title='bbox 1230 4110 1378 4177; x_wconf 92' lang='lat' dir='ltr'>induciis</span> <span class='ocrx_word' id='word_1_269' title='bbox 1396 4108 1639 4179; x_wconf 85' lang='lat' dir='ltr'>decennalibus</span> <span class='ocrx_word' id='word_1_270' title='bbox 1659 4108 1757 4177; x_wconf 91' lang='lat' dir='ltr'>inter</span> <span class='ocrx_word' id='word_1_271' title='bbox 1885 4131 1886 4134; x_wconf 45' lang='lat'>¹</span> 
     </span>
     <span class='ocr_line' id='line_1_34' title="bbox 552 4192 1886 4293; baseline 0.001 -34"><span class='ocrx_word' id='word_1_272' title='bbox 552 4192 697 4290; x_wconf 64' lang='lat' dir='ltr'>Gerulum</span> <span class='ocrx_word' id='word_1_273' title='bbox 717 4194 761 4261; x_wconf 90' lang='lat' dir='ltr'>V.</span> <span class='ocrx_word' id='word_1_274' title='bbox 783 4194 820 4263; x_wconf 83' lang='lat' dir='ltr'>dc</span> <span class='ocrx_word' id='word_1_275' title='bbox 842 4192 1029 4293; x_wconf 72' lang='lat' dir='ltr'>Fronrlsrom</span> <span class='ocrx_word' id='word_1_276' title='bbox 1049 4195 1076 4290; x_wconf 51' lang='grc' dir='ltr'>Ι,</span> <span class='ocrx_word' id='word_1_277' title='bbox 1096 4194 1203 4279; x_wconf 68' lang='lat' dir='ltr'>pastis</span> <span class='ocrx_word' id='word_1_278' title='bbox 1224 4196 1316 4280; x_wconf 88' lang='lat' dir='ltr'>apud</span> <span class='ocrx_word' id='word_1_279' title='bbox 1337 4196 1504 4269; x_wconf 89' lang='lat' dir='ltr'>Niceam,</span> <span class='ocrx_word' id='word_1_280' title='bbox 1526 4197 1649 4260; x_wconf 90' lang='lat' dir='ltr'>urbem</span> <span class='ocrx_word' id='word_1_281' title='bbox 1668 4194 1756 4260; x_wconf 89' lang='lat' dir='ltr'>Pro·</span> <span class='ocrx_word' id='word_1_282' title='bbox 1885 4207 1886 4220; x_wconf 62' lang='lat'>¹</span> 
     </span>
     <span class='ocr_line' id='line_1_35' title="bbox 547 4276 1757 4445; baseline 0 -101"><span class='ocrx_word' id='word_1_283' title='bbox 547 4280 910 4445; x_wconf 43' lang='lat' dir='ltr'>qqncquechuaqbuct</span> <span class='ocrx_word' id='word_1_284' title='bbox 928 4276 1107 4349; x_wconf 72' lang='lat' dir='ltr'>sabaudia</span> <span class='ocrx_word' id='word_1_285' title='bbox 1136 4292 1248 4364; x_wconf 86' lang='lat' dir='ltr'>paret.</span> <span class='ocrx_word' id='word_1_286' title='bbox 1294 4276 1334 4348; x_wconf 88' lang='lat' dir='ltr'>V.</span> <span class='ocrx_word' id='word_1_287' title='bbox 1355 4278 1445 4347; x_wconf 76' lang='lat' dir='ltr'>Pons.</span> <span class='ocrx_word' id='word_1_288' title='bbox 1467 4278 1564 4345; x_wconf 73' lang='lat' dir='ltr'>Heus.</span> <span class='ocrx_word' id='word_1_289' title='bbox 1592 4298 1643 4343; x_wconf 84' lang='lat' dir='ltr'>rer</span> <span class='ocrx_word' id='word_1_290' title='bbox 1659 4278 1757 4365; x_wconf 69' lang='lat' dir='ltr'>ooflr.</span> 
     </span>
    </p>
   </div>
   <div class='ocr_carea' id='block_1_6' title="bbox 0 0 1996 5167">
    <p class='ocr_par' dir='ltr' id='par_1_6' title="bbox 0 0 1996 5167">
     <span class='ocr_line' id='line_1_36' title="bbox 0 0 1996 5167; baseline 0 0"><span class='ocrx_word' id='word_1_291' title='bbox 0 0 1996 5167; x_wconf 95' lang='lat' dir='ltr'> </span> 
     </span>
    </p>
   </div>
  </div>
 </body>
</html>
