3967 5167
313 529 505 631 aaran.
537 497 843 629 salacea
868 554 935 627 n>
965 526 1297 627 brunnson
1341 560 1425 654 247

218 756 291 831 que
305 734 479 807 materiam
498 728 564 807 tibi
576 728 777 826 praebeam,
802 750 978 824 tamquam
998 731 1137 823 gallinae
1155 754 1257 808 manu
1276 732 1420 832 scriptas

215 832 333 906 literas
353 832 396 905 ad
423 850 458 902 te
478 828 660 903 exararim.
697 822 768 900 Sed
789 846 905 901 tamen
923 824 1118 903 existimaui
1135 828 1316 904 satiusess'e
1332 856 1421 927 quo·

217 927 476 1027 modocumque
493 921 682 1021 descriptas
698 925 743 997 ad
760 943 793 998 te
809 925 963 1007 mittere,
981 924 1085 1019 quam
1094 926 1235 1020 prorsus
1245 926 1345 1003 silere
1357 980 1371 1017 ,
1381 932 1420 1005 δι

212 1024 336 1123 justam
356 1026 422 1101 tibi
437 1020 571 1099 caulam
588 1021 849 1131 conquerendi,
876 1020 974 1116 quod
987 1022 1056 1105 tuit
1074 1045 1146 1095 non
1161 1022 1422 1118 responderim,

213 1119 408 1219 praesertim
426 1140 497 1193 tam
523 1120 608 1191 mihi
629 1140 717 1191 carre
750 1140 855 1215 atque
874 1113 1062 1211 jucundis,
1088 1141 1128 1193 ut
1156 1121 1213 1193 uel
1229 1123 1345 1195 decies
1364 1148 1422 1199 eas

210 1219 362 1314 legerim
377 1238 485 1313 atque
507 1212 568 1291 srm
593 1214 823 1295 exosculatus.
845 1214 1065 1291 Hortarium
1083 1216 1346 1293 lucubrationes
1362 1221 1423 1293 ali·

212 1337 302 1412 quas
318 1316 439 1399 edam,
453 1313 488 1385 δι
504 1309 696 1407 praesertim
715 1312 867 1408 Parergu.
890 1312 942 1389 At
957 1334 1027 1407 ego
1037 1312 1107 1408 jam
1127 1311 1205 1385 feci.
1230 1316 1315 1386 Otho
1327 1317 1421 1389 enim

214 1414 438 1507 Wiltpurgius
465 1408 537 1503 (1)
561 1406 618 1481 sua
643 1410 855 1481 humanitate
875 1428 978 1502 atque
997 1409 1106 1481 literis
1129 1412 1289 1499 extudit,
1312 1430 1352 1483 ut
1375 1414 1422 1485 ad

104 1530 106 1537 ’
210 1506 247 1583 se
271 1510 462 1582 mitterem:
489 1506 585 1600 quod
605 1504 751 1607 quidem
769 1526 860 1576 eram
878 1506 1021 1579 omnino
1045 1504 1216 1589 sabinius,
1241 1504 1301 1579 sed
1335 1508 1422 1583 dila·

104 2170 105 2177 ἵ
213 2091 347 2173 edunt,
370 2104 410 2157 ut
427 2080 507 2173 iste,

209 1607 347 1679 tionem
370 1598 553 1698 petebam,
579 1618 620 1671 ut
634 1597 826 1697 perfedtius
846 1599 1179 1699 consummatiulqne
1197 1624 1286 1699 opus
1301 1606 1422 1679 edere·

210 1718 280 1774 tur.
332 1696 382 1771 At
406 1698 467 1771 ille
486 1698 599 1771 omnis
622 1716 728 1768 morae
746 1696 930 1793 impatiens
950 1696 1190 1793 repraesentari
1211 1699 1274 1771 libi
1290 1700 1421 1778 librum

210 1794 353 1879 volnit3
391 1792 474 1869 dedi
500 1796 617 1889 itaque
645 1814 790 1881 manus,
818 1788 926 1865 &ad
955 1816 1037 1869 eum
1064 1790 1138 1865 misr
1170 1796 1333 1869 arbitratu
1360 1796 1421 1873 suo

213 1892 402 1970 edendum.
428 1890 509 1987 Ego
522 1889 662 1985 quidem
674 1908 796 1961 natura
811 1884 955 1965 cessator
972 1889 1024 1975 ml
1045 1888 1303 1983 decempond-
1323 1892 1423 1985 sum,

104 2070 106 2089 ι
212 2012 281 2068 net
296 1990 457 2063 lubenter
474 1989 659 2061 crabrones
669 1986 789 2075 irrito;
817 1992 853 2057 at'
869 1987 927 2059 alii
944 1988 1049 2059 etiam
1064 2012 1135 2061 non
1158 2012 1234 2063 mea
1251 2011 1319 2085 pro
1336 1993 1422 2067 meis

557 2081 685 2179 uisquis
704 2079 812 2155 fuerit
839 2080 1019 2172 librarius,
1045 2087 1105 2178 qui
1122 2086 1158 2159 δι
1182 2088 1314 2161 nomini
1343 2110 1422 2162 meo

210 2182 327 2259 inuffit
356 2200 498 2265 notam,
532 2106 689 2277 lecitque
716 2180 769 2254 uti
794 2178 1000 2269 Spiculatorit
1027 2184 1042 2261 (
1053 2177 1099 2275 a)
1122 2180 1350 2275 Epitomator
1368 2184 1421 2259 ui·

104 2316 105 2323 ι
212 2282 341 2365 deret,
368 2274 404 2354 δι
428 2278 562 2373 optimo
584 2298 664 2351 vrro
693 2275 851 2346 thdritn
880 2274 1116 2349 Faleomontaro
1140 2275 1227 2353 feeit
1248 2276 1420 2372 injuriam.

104 2454 105 2471 2
212 2374 288 2453 Sed
314 2396 353 2447 ut
367 2372 486 2449 scribis
513 2398 615 2449 nemo
634 2372 683 2445 est
703 2370 909 2467 scriptorum
929 2394 1087 2445 meorum
1113 2371 1307 2462 studiosus,
1331 2375 1418 2471 quin

104 2500 107 2531 ι
211 2474 440 2571 imposturam
466 2468 580 2543 statim
603 2492 676 2542 non
710 2468 975 2562 deprehendat:
1009 2466 1108 2564 quod
1138 2488 1177 2545 ut
1210 2494 1334 2545 verum
1358 2468 1423 2559 lit,

104 2582 105 2601 ¹
211 2574 375 2669 plerique
400 2568 458 2638 alii
483 2566 729 2661 decipiuntur,
754 2566 813 2637 vel
837 2566 955 2659 pdtius
973 2563 1191 2642 occafionem
1208 2568 1421 2641 calumnian-

214 2670 255 2741 di
274 2664 357 2739 inde
385 2660 450 2735 fibi
468 2665 700 2759 praeripiunt,
725 2682 848 2757 meque
866 2663 1044 2735 lancinant
1053 2683 1068 2735 :¹
1088 2660 1163 2736 fero
1185 2682 1301 2737 tamen
1316 2686 1420 2763 aequo

213 2764 353 2845 animo,
380 2760 478 2853 quod
493 2758 663 2831 indicabit
681 2757 746 2831 tibi
767 2754 944 2853 Parergt'n
963 2756 1148 2854 praeiatio,
1172 2760 1208 2831 in
1229 2784 1297 2857 qua
1320 2761 1364 2835 de
1381 2784 1421 2835 re

214 2861 350 2935 nullum
375 2855 533 2928 verbum.
584 2854 746 2927 Falconem
768 2852 905 2949 ipsum,
931 2857 993 2952 qui
1016 2856 1079 2927 has
1099 2855 1164 2930 tibi
1189 2858 1328 2945 reddet,
1358 2859 1422 2933 ob·

213 2955 312 3033 l'ecro
338 2954 395 3029 vel
421 2974 497 3025 mea
523 2950 622 3027 cansa
655 2952 933 3060 commendatum
957 2950 1061 3025 habe.
1111 2952 1163 3029 Et
1189 2950 1213 3024 fi
1239 2952 1325 3125 (puisi
1350 2956 1422 3041 est,

106 3104 107 3153 3
216 3054 316 3171 quod
336 3072 446 3147 opera
461 3072 534 3123 mea
548 3044 723 3162 praestare
745 3048 809 3123 tibi
820 3048 1136 3161 polsrm‚'impera.
1153 3148 1160 3163 υ
1187 3047 1246 3121 Ha
1273 3053 1346 3126 ebis
1361 3052 1421 3125 At-

216 3166 335 3321 ttrplbum
352 3144 700 3243 obsequentissimum.
750 3142 851 3221 Vale.
900 3144 1032 3221 thrnt.
1058 3147 1187 3222 Tertio
1205 3145 1303 3222 Non.
1331 3145 1423 3243 Sep·

215 3266 249 3321 te
309 3271 337 3321 r.
366 3264 470 3339 1537·
1411 3312 1415 3317 .

168 3496 171 3505 .
260 3434 328 3521 (1)
351 3432 432 3502 Otito
456 3430 667 3519 Wiltpargiur
708 3429 766 3499 Est
790 3428 848 3497 hic
869 3429 996 3498 vitium
1019 3429 1243 3499 amanuensrs.
1283 3430 1422 3519 Legen-

107 3562 108 3565 =
213 3522 301 3590 dum
324 3516 555 3601 Waltpurtbirtr
576 3518 634 3584 vel
705 3515 900 3599 alaturgutas.
930 3514 970 3581 ld
991 3532 1062 3581 non
1076 3516 1231 3581 correxit
1252 3512 1423 3597 (labbeana,

214 3604 299 3689 quia
326 3600 502 3669 bominem
527 3620 597 3667 nnn
630 3598 757 3667 navit:
785 3599 845 3681 qni
873 3616 1019 3684 magnus
1040 3599 1096 3664 vir
1120 3596 1293 3680 effeetus,
1322 3599 1359 3668 de
1383 3602 1421 3667 in

216 3698 492 3775 purpuratorum
512 3700 652 3769 patrum
673 3684 832 3755 ordinem
859 3683 940 3749 dein
962 3686 1111 3753 relatus,
1139 3680 1334 3750 Cardinalis
1353 3684 1423 3753 Αιι·

214 3771 358 3859 Mutua
378 3766 488 3835 didus
509 3766 580 3847 est,
612 3768 657 3835 de
679 3784 749 3851 quo
775 3764 917 3852 sepius.
970 3765 1049 3837 Vide
1068 3766 1205 3835 Ciatmn.
1225 3784 1296 3834 mm.
1319 3786 1349 3851 3.
1369 3768 1424 3838 tal.

218 3861 295 3925 62.
391 3860 396 3876 ’

241 3878 329 4037 9(a)
353 3932 572 4020 Spiculararrt]
595 3932 642 3998 Et
661 3932 719 3998 hic
742 3928 791 3997 el’t
811 3933 990 4001 mendum.
1032 3932 1206 4018 Speculator
1227 3932 1275 4001 est
1295 3951 1423 4005 nornen

220 4040 319 4090 uatus
341 4018 543 4107 interpretis
560 4016 648 4105 juria
658 4060 671 4096 ,
700 4019 802 4103 cujus
822 4018 1035 4102 epitomator
1054 4014 1193 4084 Alontas
1211 4018 1281 4086 diei
1301 4018 1423 4090 noluit.
