3967 5167
311 492 518 597 EPIST.
548 487 855 589 SELECTAE
884 506 956 591 ΑΒ
978 492 1310 598 DIVERSOS.
1353 534 1429 624 171

229 728 301 805 qne
315 702 423 799 magia
449 697 607 795 quotidie
632 698 819 773 demerear.
869 694 1158 780 Benedentiam
1187 704 1315 777 etenim
1344 706 1433 786 mirri

230 800 320 891 viri,
346 802 384 875 δι
399 821 473 895 quo
488 820 562 873 non
581 796 687 871 alium
705 796 824 871 nostro
845 814 1006 891 tempore
1028 802 1223 875 communit
1239 804 1352 897 patria
1372 807 1433 877 ba·

228 900 288 975 bet
305 897 465 996 planioris
484 894 918 993 preditum'omamentis,
944 916 1016 967 non
1037 897 1175 993 postam
1201 920 1274 975 non
1288 900 1442 995 plurimi·

104 1050 106 1083 ,
227 996 355 1073 facere.
405 993 599 1089 Sperabam
618 992 709 1069 ,verb
734 996 816 1072 leto
842 992 963 1088 aliquo
984 1014 1213 1088 argumento,
1238 994 1431 1096 solidique

230 1094 345 1169 exitus
369 1092 472 1187 buius
495 1090 682 1167 obsidionis
701 1089 853 1176 nuncio,
878 1092 947 1163 mei
972 1093 1069 1188 apud
1095 1114 1132 1165 te
1156 1094 1353 1167 memoriam
1376 1118 1431 1169 me

104 1198 106 1217 '
227 1210 497 1265 renovaturum:
522 1186 580 1261 sed
599 1207 728 1285 praeter
747 1191 904 1263 omnium
926 1189 1205 1284 expectationem
1233 1190 1311 1263 haec
1334 1189 1431 1264 Mar-

104 1290 106 1365 s
225 1288 270 1361 tis
287 1291 365 1377 alea
379 1286 530 1370 occidit,
554 1288 652 1383 cnjus
667 1298 739 1359 no'n
751 1286 874 1359 dubito
892 1308 1084 1369 rumorem,
1109 1286 1222 1381 reipsa
1236 1288 1339 1359 mam
1354 1308 1432 1381 gra·

104 1382 106 1459 ἓ
214 1386 388 1467 ¹uiotem,
414 1383 528 1457 multo
544 1384 588 1455 ad
609 1404 643 1455 te
660 1401 760 1454 antea
777 1382 1000 1477 permanasse.
1033 1380 1129 1455 Nam
1144 1384 1263 1476 pridie
1280 1382 1429 1457 Calend.

226 1477 445 1577 Septembris
463 1480 558 1550 omni
574 1499 741 1573 apparatu
759 1498 863 1574 atque
882 1480 921 1549 vi
939 1479 1164 1552 constitutum
1178 1500 1253 1552 etat
1268 1481 1392 1553 urbem
1407 1485 1431 1531 ⁴*
1462 1488 1586 1554 *Mona-

104 1600 105 1633 ὲ
227 1598 461 1671 oppugnare,
487 1570 525 1647 dt
550 1574 851 1650 milesvidebatur
873 1574 973 1647 adid
996 1596 1086 1668 opus
1111 1576 1192 1649 satis
1214 1574 1281 1648 esse
1301 1579 1428 1651 anima·
1462 1569 1578 1631 sterten-

104 1706 105 1727 ι
225 1694 283 1744 tus
309 1694 351 1743 ac
374 1690 580 1765 promptus,
604 1667 725 1743 verbm
754 1672 826 1745 levi
846 1668 945 1743 clade
967 1669 1147 1765 repulsus,
1173 1694 1194 1745 a
1217 1695 1338 1769 pugna
1365 1670 1430 1745 sia·

104 1796 106 1871 ᾇ
224 1770 288 1839 tim
307 1763 458 1851 destitit,
471 1766 741 1860 Principemque
754 1766 905 1841 nostrum
919 1766 956 1842 ¹dr
973 1788 1141 1852 caeteros,
1166 1792 1316 1864 quornm
1332 1793 1429 1871 com·
1463 1807 1552 1865 Vm

1462 1648 1530 1707 sem.
1543 1652 1604 1710 Vis.

1462 1727 1530 1785 Not.
1551 1731 1584 1787 ud

104 1874 105 1915 l
227 1866 326 1937 muni
350 1861 494 1937 consilio
520 1866 591 1935 boc
616 1861 747 1935 bellum
778 1862 941 1935 haetenus
975 1860 1111 1959 gestum
1137 1888 1179 1937 ac
1205 1864 1429 1943 sustentatum
1463 1883 1504 1946 Ν.
1518 1904 1605 1947 xxrx.

227 1958 295 2031 fuit
321 1959 505 2052 potiundae
528 1956 625 2029 urbis
651 1956 710 2052 spe
737 1980 829 2053 pene
858 1956 1096 2037 destituerunt.
1157 1962 1200 2033 ln
1225 1963 1262 2035 id
1286 1965 1429 2067 qudem

104 2092 106 2101 ·
224 2052 427 2128 ‘consensum
444 2052 493 2125 est
516 2054 774 2147 aproceribus,
799 2058 1166 2153 propugnaculaquae
1187 2060 1299 2152 vulgo
1315 2063 1428 2135 Black·

104 2186 106 2239 r
226 2148 334 2243 buison
363 2152 603 2245 appellamus,
639 2152 733 2221 circa
768 2151 891 2221 urbem
921 2154 1123 2239 collocare,
1156 2152 1429 2253 praefidiumque
1491 2232 1496 2239 ,

104 2258 126 2277 “’
225 2244 368 2340 fingulis
407 2249 586 2342 imponere
621 2246 779 2339 peditum
813 2265 940 2329 2000.,
976 2248 1202 2343 equitumque
1240 2270 1319 2342 300.
1370 2255 1428 2329 Ac

104 2316 106 2335 ι
225 2342 333 2419 istbac
355 2366 459 2415 manu
479 2341 665 2415 confidunt
682 2338 835 2453 pollese
855 2340 1045 2435 prohibete
1069 2342 1310 2439 nequisquam
1330 2350 1429 2441 quic·
1492 2362 1499 2373 ·

104 2440 106 2531 l
226 2463 331 2535 quam
348 2441 532 2534 importet,
558 2456 618 2510 ant
637 2460 681 2509 ne
699 2458 761 2531 qut
784 2457 875 2509 mtra
896 2434 1017 2509 urbem
1044 2435 1123 2511 sunt
1148 2455 1279 2513 temere
1306 2466 1430 2519 excur-

227 2555 324 2617 rant,
350 2536 445 2629 quod
464 2553 632 2629 quantum
650 2531 690 2613 stt
706 2530 954 2644 profuturum,
979 2553 1118 2631 tempus
1141 2534 1253 2647 ipsum
1271 2539 1424 2614 docebit.

104 2650 105 2661 ³
225 2632 517 2704 Machmas-vero
541 2628 682 2703 bellicas
706 2650 763 2701 rua
775 2650 852 2702 ores
878 2648 1024 2703 numero
1045 2652 1128 2721 45„
1149 2654 1222 2728 Jam
1239 2632 1274 2705 in
1290 2636 1432 2711 vicinas

104 2788 106 2807 ,,
228 2748 327 2800 arces
346 2746 484 2819 coepere
499 2724 697 2799 transferre.
797 2727 1036 2819 dpeticulum
1061 2725 1132 2811 est,
1156 2750 1200 2800 nt
1221 2750 1357 2820 craterae
1371 2758 1428 2819 ut·

226 2822 289 2895 bes
316 2819 353 2893 &
375 2824 475 2916 pagi,
501 2824 549 2894 ita
571 2838 611 2895 ut
631 2821 693 2909 fit,
726 2820 1049 2897 Monasteriensium
1074 2826 1254 2901 vilioriam
1281 2829 1424 2931 sequen·

226 2940 278 2991 tes
289 2916 485 3010 iisdemque
509 2918 581 3015 Jam
607 2918 739 2993 dndnin
756 2916 876 2995 infesti
901 2919 1150 3034 opinionibus,
1176 2926 1220 2995 ad
1246 2922 1340 3021 ipsos
1363 2928 1424 3001 de·

104 3032 105 3035 ’
224 3013 386 3097 sciscant,
407 3016 660 3110 clerumque&
676 3014 1061 3113 nobilitatemejictant,
1078 3018 1303 3116 funditusque
1324 3047 1424 3098 ever·

226 3130 311 3185 tant
358 3106 417 3185 Eo
436 3132 531 3187 cette
545 3115 630 3185 loco
645 3132 700 3186 res
723 3111 835 3207 posita
851 3111 918 3187 esse
939 3116 1101 3199 videtur,
1125 3136 1166 3189 ut
1180 3138 1251 3189 non
1273 3122 1425 3213 amplius

224 3207 379 3283 bumaria
403 3207 551 3281 consiliis
575 3206 685 3280 sedari
702 3208 820 3302 possit,
844 3208 1025 3305 planeque
1043 3210 1168 3283 divino
1192 3213 1293 3285 nobis
1309 3220 1422 3288 numi·

144 3334 149 3343 ·
222 3328 265 3377 ne
294 3325 384 3399 opus
409 3302 459 3377 lit.
510 3304 592 3397 Ego
615 3303 700 3401 quid
725 3306 794 3377 hnc
818 3306 890 3375 loci
912 3304 1038 3377 faciam
1068 3308 1228 3403 ambigo,
1256 3304 1423 3404 Princeps

222 3422 277 3471 me
296 3400 505 3472 humanitate
528 3398 588 3471 sua
607 3402 656 3471 ira
675 3398 849 3485 devincit,
874 3422 915 3472 ut
936 3422 1060 3493 parum
1085 3403 1172 3473 mihi
1188 3400 1229 3475 stt
1244 3398 1420 3499 integrum

222 3498 267 3567 ab
287 3516 330 3566 eo
349 3495 519 3567 recedere.
568 3493 652 3567 Nec
669 3494 780 3569 habeo
800 3497 985 3591 quicquam
1005 3497 1101 3607 qupd
1131 3497 1175 3570 de
1197 3524 1240 3577 eo
1267 3523 1419 3596 conque·

104 3588 106 3683 p
221 3613 299 3676 rar,
326 3608 457 3660 tantum
481 3589 567 3663 mihi
589 3590 771 3665 molestum
800 3591 870 3677 est,
896 3616 951 3667 res
976 3594 1010 3667 ei
1035 3594 1179 3666 namium
1206 3593 1273 3670 esse
1295 3599 1419 3671 adver-

104 3734 106 3789 2
220 3686 283 3759 sas.
335 3680 516 3757 Hastenus
539 3685 635 3759 certe
654 3710 710 3759 me
727 3688 905 3763 minimum
922 3689 1134 3765 conditionis
1151 3690 1291 3785 hujusce
1306 3694 1418 3787 poeni·

223 3784 312 3866 tuit,
338 3803 417 3855 nam
439 3778 691 3871 Jurisdittionis
709 3789 951 3881 munusquod
968 3784 1135 3872 sustineo,
1162 3792 1246 3860 olim
1260 3787 1329 3859 suit
1348 3810 1418 3861 am·

104 3954 106 3959 ,
245 3880 399 3952 liffimnm
421 3898 462 3948 ac
482 3878 682 3969 cumprimis
704 3878 955 3967 honorificum,
981 3882 1041 3955 etsi
1057 3907 1152 3955 nnnc
1176 3906 1256 3956 eum
1278 3880 1419 3957 fortuna

104 4048 105 4063 ἶ
220 3901 377 4047 ssraesulis
397 3971 622 4046 succumbere
640 3974 811 4046 videatur:
837 3975 980 4053 forenfis
997 3981 1091 4049 certe
1111 3981 1229 4073 praxis
1254 4002 1416 4077 magnum

104 4084 106 4155 ,
222 4069 316 4144 usum
341 4067 466 4143 adfert.
527 4066 575 4140 Et
592 4070 660 4141 boc
680 4087 838 4163 tempore
862 4072 1065 4145 bellicorum
1088 4073 1307 4149 consiliorum
1331 4099 1415 4170 qua·

104 4216 106 4239 r
222 4167 371 4264 lisqualis
390 4164 603 4260 experientia
619 4162 765 4239 arcebit.
816 4163 926 4239 Certe
953 4166 1074 4243 statum
1094 4166 1134 4245 ἃ
1155 4168 1252 4246 situm
1274 4173 1414 4266 hujusce

104 4298 105 4363 j
224 4264 371 4357 regionis
394 4258 508 4357 probe
530 4262 721 4357 perdidici,
748 4263 844 4357 quod
863 4262 937 4348 tffui
956 4266 1142 4359 aliquando
1164 4264 1250 4342 mihi
1268 4268 1333 4344 effe
1349 4294 1415 4361 po.

221 4361 330 4451 terit,
366 4357 519 4435 &nunc
552 4381 624 4435 non
654 4358 1120 4527 mediocriYestthuptati.
1166 4365 1330 4462 Denique
1354 4361 1416 4528 h‘sio

420 4504 428 4521 .
880 4477 898 4529 a
1355 4477 1375 4529 a
1400 4492 1414 4507 ·
