3967 5167
528 533 610 618 200
638 512 869 625 VIGLII
897 548 966 615 An
994 516 1258 618 AYTTA
1287 519 1666 619 ZUICHEMI

348 712 494 785 ‘AEdtbue
528 732 582 782 nes
606 712 755 803 Georgius
770 710 808 783 in
823 705 946 785 iisdem
974 729 1113 780 mecum
1136 706 1158 747 '
1181 704 1296 778 adhuc
1329 704 1475 781 habitat.
1524 705 1643 781 Omne
1661 732 1732 784 au·
1775 704 1782 713 ’

527 826 598 881 tem
616 807 765 879 studium
785 804 957 885 discendae
976 805 1078 899 praui
1095 803 1259 898 gnaviter
1279 800 1314 875 se
1339 802 1576 899 impensurum
1593 807 1743 900 pollice·

528 922 609 989 tur,
635 900 760 999 &ego
785 900 1015 975 fundamenta
1039 898 1186 974 forcnfit
1218 896 1298 971 usur
1324 900 1513 974 monstrare
1544 902 1596 973 illi
1622 906 1739 999 coepi,

528 1018 634 1096 atque
655 1000 814 1094 inprimis
832 997 1073 1071 ordinationes
1094 996 1147 1069 Irn
1174 996 1297 1072 erialee
1317 998 1482 1092 legendas
1497 998 1532 1073 ei
1547 1000 1741 1095 proposui,

528 1096 566 1171 in
589 1096 715 1190 quibus
732 1094 806 1169 sere
826 1092 1047 1169 consuetudo
1077 1090 1118 1166 dc
1174 1094 1237 1165 'ur
1264 1090 1561 1168 Germanicorum
1587 1094 1745 1190 Judicio·

530 1216 608 1267 rum
625 1226 658 1279 ,¹
679 1192 717 1267 δι
751 1191 853 1289 hujus
929 1188 1113 1262 otissrmum
1145 1190 1331 1263 tribunalis
1372 1193 1584 1265 continetur.
1646 1192 1743 1266 Cum

531 1288 689 1384 Rrr'fftoch
722 1310 786 1389 per
811 1213 1028 1362 decagonem
1050 1284 1169 1359 rursus
1196 1306 1320 1382 agam,
1343 1307 1382 1359 ut
1400 1310 1482 1359 eum
1497 1288 1533 1359 iu
1546 1286 1623 1361 suar
1644 1289 1744 1362 aedes

428 1416 433 1426 ¹
532 1386 703 1459 admittat.
753 1382 839 1459 Idsr
872 1381 1122 1479 denegabitur,
1147 1380 1268 1455 saltem
1287 1383 1553 1478 impetraturum
1584 1406 1639 1459 me
1665 1384 1744 1480 spe·

533 1506 599 1569 ro,
624 1498 664 1553 ut
681 1478 817 1577 ingredi
834 1482 866 1553 ei
885 1479 930 1553 ad
948 1481 1103 1571 aliquem
1122 1480 1245 1564 liceat,
1272 1493 1313 1551 ac
1334 1483 1432 1579 apud
1449 1503 1528 1554 eum
1546 1478 1622 1553 aiio
1645 1484 1747 1555 evol·

534 1600 642 1669 vere,
667 1574 706 1651 dr
725 1576 963 1651 Protocollum
986 1572 1065 1669 (uti
1092 1598 1158 1649 nos
1176 1580 1369 1665 vocamus)
1404 1574 1604 1672 inspicere,
1634 1578 1746 1651 idem·

535 1696 605 1769 que
624 1693 663 1749 ut
680 1674 856 1749 materiam
876 1671 1047 1841 aliquam,
1071 1670 1248 1747 interdurn
1267 1673 1445 1767 prebeat,
1470 1675 1595 1768 inqua
1617 1672 1746 1768 ipsese

535 1790 707 1848 exerceat.
759 1768 870 1843 Certi
890 1770 927 1842 di
943 1767 1045 1843 cendi
1063 1764 1201 1842 occasio
1219 1767 1280 1841 hic
1298 1770 1350 1841 illi
1374 1765 1486 1843 decise
1509 1792 1581 1842 non
1603 1773 1745 1867 potest,

538 1864 738 1963 moddipse
767 1865 831 1939 fibi
852 1862 964 1941 deess'e
997 1884 1070 1939 non
1098 1865 1198 1938 velit.
1249 1862 1338 1937 Hoc
1375 1885 1490 1940 autem
1521 1883 1597 1939 tute
1619 1889 1684 1963 per
1708 1890 1746 1942 tc

536 1962 616 2037 satis
640 1962 759 2059 sapere
799 1985 842 2036 ac
878 1962 1073 2057 intelligere
1105 1983 1238 2055 potes,
1275 1960 1379 2057 quim
1407 1958 1449 2034 sut
1477 1984 1746 2057 procuratorum

537 2060 683 2135 istorum
700 2112 711 2147 ,
728 2061 843 2132 multis
868 2054 1041 2153 variisque
1057 2058 1208 2154 negotiis
1233 2078 1487 2226 occupatorum
1497 2110 1517 2145 ,
1531 2055 1747 2135 fastidiosum

539 2181 648 2253 genus
678 2158 872 2230 hominum.
922 2152 1018 2227 Nam
1057 2150 1211 2228 docendi
1242 2173 1317 2229 cert
1372 2154 1561 2227 molestiam
1603 2159 1747 2231 minime

537 2252 721 2341 sustinent,
748 2254 785 2328 δι
810 2250 914 2325 valde
932 2247 966 2325 se
998 2250 1102 2325 dicut
1128 2248 1321 2346 gratificari
1340 2250 1458 2324 videri
1482 2253 1625 2336 volunt,
1650 2250 1674 2324 fi
1699 2254 1748 2325 ad

540 2348 716 2424 causarum
734 2346 868 2423 suarum
898 2345 1028 2421 secreta
1047 2347 1248 2513 quempiam
1275 2343 1493 2433 admiserint,
1529 2347 1749 2423 &discendi

539 2446 742 2521 facultatem
760 2440 1001 2520 concesserint.
1071 2464 1180 2537 taque
1199 2444 1262 2611 qui
1287 2442 1382 2540 apud
1403 2464 1465 2518 eor
1484 2442 1654 2539 proficere
1680 2444 1748 2517 ali-

541 2542 629 2640 quid
648 2546 763 2625 volet‚
791 2537 923 2613 necess'e
945 2540 1074 2623 habet,
1099 2560 1141 2611 ut
1159 2540 1197 2634 ip
1214 2561 1387 2615 commem
1400 2539 1614 2615 occasionem
1630 2539 1750 2614 obser·

542 2662 623 2728 vet,
649 2662 720 2711 non
738 2638 885 2711 calcaria
908 2636 1095 2731 expectet,
1120 2632 1181 2707 sed
1210 2632 1268 2708 sua
1281 2632 1406 2731 sponte
1428 2657 1565 2719 currat;
1590 2659 1660 2709 non
1685 2636 1750 2709 du·
1796 2641 1805 2658 '

545 2758 622 2808 cem
643 2734 974 2827 monstratorernque
993 2751 1146 2824 quaerat,
1171 2729 1232 2806 sed
1258 2733 1403 2807 aliorum
1427 2732 1570 2829 vestigia
1593 2733 1751 2831 ipseper

545 2830 580 2905 se
608 2826 758 2905 studiose
790 2827 1038 2925 perscrutetur.
1086 2822 1251 2924 Denique
1281 2850 1373 2922 opus
1403 2828 1478 2916 est,
1516 2852 1588 2903 rem
1614 2848 1655 2902 ut
1688 2832 1749 2903 hic

545 2926 638 3001 suam
654 2928 712 3024 agi
727 2948 770 3000 co
797 2929 870 3001 itet.
922 2922 1020 2996 ldem
1036 2943 1104 3015 ego
1123 2946 1385 3018 nonnumquam
1408 2924 1532 3018 Joanni
1551 2927 1679 3020 Georgio
1697 2928 1750 2997 in·

549 3027 676 3107 culco,
701 3044 740 3097 ut
767 2950 795 3095 ᾗ
815 3020 903 3095 velit
926 3020 1117 3113 diligentiae
1141 3018 1313 3115 specimen
1338 3019 1458 3103 edere,
1484 3019 1522 3094 dt
1556 3021 1661 3097 fidem
1686 3023 1754 3095 tibi

549 3121 666 3196 datam
691 3116 871 3216 praestate,
897 3117 993 3213 quod
1013 3116 1050 3191 δι
1068 3132 1151 3188 aetas
1175 3115 1326 3211 ejusdem
1351 3136 1469 3188 monet
1499 3138 1532 3188 at
1561 3142 1605 3191 ue
1630 3120 1752 3215 postu·

548 3220 618 3303 lat,
644 3240 688 3289 ne
712 3216 821 3289 aliena
841 3214 928 3309 justa
950 3230 985 3281 at
1011 3235 1055 3284 ue
1078 3209 1281 3307 praescripta
1300 3212 1514 3306 expectanda
1536 3143 1599 3285 fibi
1623 3217 1751 3299 ducat,

550 3315 610 3389 sed
635 3310 707 3409 ipse
733 3312 879 3383 aliorum
917 3236 1077 3393 comalio,
1114 3304 1289 3394 actiones,
1321 3306 1539 3405 rationesque
1567 3308 1752 3399 observet3

551 3434 622 3484 non
639 3404 814 3483 intellecta
831 3424 951 3493 notet,
977 3428 1041 3501 per
1059 3400 1273 3478 occasronem
1289 3406 1384 3478 ultro
1397 3426 1551 3499 quaerat3
1575 3428 1618 3479 ac
1631 3409 1752 3481 earum

427 3515 431 3559 ·‘
551 3530 686 3593 rerum,
711 3524 857 3598 quarum
878 3502 914 3574 in
938 3498 1018 3573 foro
1045 3498 1125 3573 usur
1154 3500 1226 3585 est,
1257 3498 1351 3597 quast
1378 3505 1666 3576 commentarium
1691 3506 1754 3579 ali·

552 3628 656 3699 quem
672 3598 854 3684 conficiat,
879 3599 935 3681 δι,
962 3617 1003 3669 ut
1026 3618 1121 3668 nunc
1149 3597 1342 3691 loquimur,
1366 3596 1575 3686 forumlure3
1600 3624 1754 3699 quaeque

552 3700 590 3777 in
615 3694 854 3799 quotidianum
870 3692 1086 3790 Judiciorum
1100 3689 1196 3768 usum
1212 3694 1389 3769 incurrere
1404 3693 1519 3786 videt,
1544 3696 1589 3769 ad
1615 3696 1754 3795 Legum

1632 3817 1757 3872 textus

555 3992 650 4043 mento
679 3973 829 4059 ungulari:
853 3972 888 4044 o
903 3970 990 4059 Reip.
1007 3972 1148 4058 Frr'burg.
1167 3976 1200 4036 in
1211 3967 1401 4054 teduuroodo
1414 3977 1485 4053 jure
1499 3975 1609 4036 muniri
1627 3973 1755 4056 osijom
1885 3997 1893 4014 ·

558 4061 629 4124 otim
674 4078 797 4123 renuam
823 4076 943 4142 operam
965 4063 1099 4123 novanti
1110 4100 1122 4133 ,
1143 4054 1270 4141 aliisque
1288 4058 1392 4121 mustis
1409 4056 1573 4120 nominibus
1637 4050 1759 4138 sedena

554 4150 675 4208 merito:
697 4141 899 4225 Magistratus
917 4140 1007 4222 officii
1021 4157 1134 4207 memor
1144 4139 1218 4221 fieri
1233 4138 1331 4224 juffit.
1373 4138 1517 4224 Gonofft
1539 4152 1659 4207 notum
1675 4162 1759 4210 onno

557 4225 654 4295 Sosus.
676 4243 747 4294 cro.
771 4244 820 4292 ιο.
842 4244 956 4294 xxxv.
976 4242 1067 4292 v111.
1088 4223 1212 4293 Colmd.
1233 4222 1389 4291 Derembr.
1672 4288 1680 4295 ,

541 4327 547 4332 ·
668 4310 779 4378 zanus
794 4309 852 4375 hic
865 4307 1021 4377 situsest:
1044 4310 1142 4393 cujus
1163 4306 1278 4374 schola
1296 4306 1368 4393 (in)
1386 4308 1464 4390 jure
1492 4308 1636 4391 peritos.

724 4392 797 4460 Tot
809 4392 930 4475 dedit,
952 4392 1206 4461 armatosTros
1219 4404 1306 4474 quot
1322 4408 1430 4476 equus
1447 4390 1599 4461 Danaos.
1654 4465 1659 4473 ,
1741 4472 1748 4483 .
