3967 5167
571 526 653 629 328
684 512 918 617 VlGLII
951 538 1019 607 ns
1050 496 1319 606 Ait-TTA
1348 503 1715 606 ZUICHEMI

416 700 420 707 '
573 694 648 779 nis,
676 660 956 787 Apostolieaeque
975 690 1197 765 authoritatis
1216 688 1332 763 hostes
1356 690 1607 785 propellantur.
1656 690 1775 765 Favo-

574 792 692 865 rabilis
714 786 782 861 fuit
803 788 872 863 sem
901 810 938 863 et
959 805 1081 862 contra
1105 785 1243 859 Tuscus
1267 783 1382 873 causa,
1408 786 1448 861 dt
1474 784 1634 861 Romana
1651 785 1774 875 sedes,

573 910 644 957 non
667 886 775 959 modo
801 886 845 958 de
866 811 926 957 duo
944 884 1066 955 lubens
1083 884 1172 977 quid
1197 882 1256 991 uid
1280 882 1400 991 potuit
1423 884 1615 993 impendit,
1634 904 1686 992 'ut
1709 886 1774 955 im·

573 980 793 1077 inanissimam
823 982 919 1053 illam
953 981 1130 1052 nationem
1163 906 1368 1056 dunstrsuae
1392 977 1571 1071 Rehgroru
1597 981 1776 1055 mimicam

573 1077 739 1151 anostris
762 1072 889 1151 finibus
904 1077 1127 1170 prohiberet:
1153 1072 1211 1148 sed
1234 1095 1384 1149 caeteros
1408 1073 1569 1169 Europae
1587 1074 1775 1169 Principes

573 1172 663 1268 saepe
680 1174 864 1247 exhortata
880 1172 930 1245 est
948 1172 1229 1267 commovitque,
1252 1188 1411 1243 uttantae
1426 1170 1518 1265 pesti
1533 1190 1774 1245 occurrerunt.

574 1266 684 1345 Nunc
700 1270 788 1345 verd
821 1290 926 1365 quum
958 1269 1155 1343 intestinum
1191 1264 1564 1361 peliilentilltmumque
1592 1266 1775 1365 quoddam

519 1434 526 1441 .
573 1369 724 1450 malurn,
749 1367 786 1439 in
804 1366 958 1453 ruinam,
982 1360 1022 1437 de
1036 1364 1227 1459 perniciem
1241 1362 1347 1435 totius
1366 1356 1559 1457 Religionis
1570 1364 1774 1459 atqueRei-

574 1464 662 1559 pub.
688 1462 892 1536 Christianae
908 1454 1117 1537 succrescat:
1141 1482 1206 1555 nge
1222 1456 1427 1545 Beatillime,
1452 1453 1606 1535 &uobis
1629 1464 1666 1535 in
1682 1462 1773 1533 cala·

546 1620 549 1631 .
574 1556 699 1634 mitoso
728 1554 926 1653 affliuoque
944 1556 1055 1630 isthoc
1078 1576 1193 1631 rerum
1218 1553 1325 1642 statu,
1349 1557 1417 1627 tuis
1448 1557 1601 1651 opibus,
1626 1576 1686 1629 tua
1712 1580 1773 1629 au·

573 1657 761 1741 thoritate,
786 1675 849 1729 tuo
866 1649 1031 1740 consilio,
1065 1651 1263 1747 auxilioque
1290 1648 1490 1725 succurrere
1515 1676 1587 1725 non
1612 1674 1775 1749 gravare.

508 1758 513 1771 ’
575 1748 635 1824 De
652 1750 792 1826 modies
809 1746 969 1847 pecuniae
990 1746 1144 1845 impensa
1169 1748 1303 1841 agitur:
1337 1769 1406 1842 qua
1431 1771 1526 1821 nunc
1546 1750 1665 1825 adhuc
1687 1772 1775 1845 pro·

574 1844 687 1943 hiberi
707 1848 776 1923 hoe
797 1847 924 1919 malum
943 1844 1066 1941 potest,
1116 1840 1228 1932 Quod
1252 1842 1439 1938 proferto,
1463 1842 1525 1917 nifi
1549 1868 1643 1919 nunc
1668 1844 1774 1921 semel
1882 1847 1888 1857 '

575 1945 799 2039 deprimitur,
814 1945 851 2015 in
865 1964 1051 2017 commune
1064 1941 1174 2013 totius
1190 1939 1286 2013 orbis
1297 1938 1478 2015 discrimen
1494 1965 1535 2015 ac
1552 1941 1772 2039 nauh-agium

574 2062 722 2211 glerggtl,
743 2041 919 2207 longeqtlue
944 2035 1071 2205 saevilps
1097 2034 1534 2205 &drdddiddaffifflis
1558 2038 1710 2208 Gottnhir}
1732 2039 1772 2113 δι

612 2159 763 2219 anau,
809 2156 913 2207 acne
1043 2154 1109 2207 nnc
1167 2156 1188 2203 n
1234 2154 1309 2227 apr
1462 2156 1624 2219 manum
1732 2157 1773 2209 m

575 2156 1773 2433 {searallavziieaaaaaaname

578 2427 650 2497 lum
674 2444 812 2521 pateat,
826 2422 956 2517 Tuque
976 2418 1017 2495 B.
1032 2420 1075 2493 P.
1093 2442 1198 2516 caput
1208 2416 1252 2495 fis
1268 2442 1378 2496 totius
1395 2422 1589 2518 Religionis
1602 2425 1772 2499 Christia-

575 2542 649 2603 nae,
675 2523 857 2593 maximam
877 2518 1038 2593 fiduciam
1059 2534 1319 2613 extremamque
1346 2517 1498 2613 praesrdii
1517 2517 1612 2615 spem
1639 2525 1771 2599 merito

576 2618 663 2691 inte
691 2612 917 2712 reposuimus.
967 2612 1246 2707 Humillimeque
1272 2612 1337 2689 tibi
1363 2612 1620 2711 supplicamus,
1650 2640 1692 2693 ut
1718 2620 1772 2694 rei
1864 2664 1876 2695 ι

574 2714 783 2809 gravitatem
805 2732 921 2785 mente
944 2710 1129 2798 revolvas,
1152 2708 1278 2783 misero
1301 2714 1461 2806 populo,
1483 2712 1688 2809 labentique
1702 2716 1773 2790 Re·

574 2808 701 2903 ligioni
717 2806 922 2881 Christianae
941 2801 1137 2879 succurras:
1162 2828 1204 2878 ac
1221 2805 1301 2880 cium
1316 2802 1391 2902 ipse
1407 2804 1452 2879 de
1462 2809 1532 2881 tuis
1548 2806 1773 2887 facultatibus

573 2904 711 3001 aliquid
723 2902 840 2976 Nobis
851 2904 896 2979 ad
913 2897 1117 2977 facinorosae
1126 2898 1488 2998 oassegaequeSeoae
1502 2906 1773 3000 propulsandum

577 3003 654 3075 vim
670 3000 873 3095 impertias,
899 3020 974 3073 tum
995 2997 1081 3071 verd
1096 2998 1163 3069 Am
1190 2996 1566 3074 liffimocurdmalium
1587 3002 1772 3102 Collegio,

578 3092 849 3193 Principumque
868 3096 975 3167 totius
985 3092 1086 3166 Euro
1113 3114 1142 3165 ae
1210 3094 1322 3189 gutia,
1342 3096 1408 3190 qui
1422 3094 1517 3189 apud
1532 3096 1579 3171 T.
1589 3098 1626 3171 S.
1640 3121 1772 3198 agunt,

576 3214 767 3273 extremam
776 3188 1005 3265 necessitatem
1019 3212 1069 3263 no
1137 3211 1434 3287 mexponastquo
1445 3188 1568 3268 favore
1579 3195 1775 3293 benignita·

579 3310 686 3385 teque
709 3285 768 3361 sus
791 3286 964 3368 nostram,
997 3284 1070 3361 imo
1099 3307 1319 3361 communem
1340 3284 1498 3377 causam,
1549 3312 1776 3380 removeant,

578 3404 686 3481 atque
702 3386 876 3496 adjuvent.
928 3378 1140 3551 Qffidffi·
1155 3382 1318 3479 equidem
1339 3404 1422 3551 erga
1441 3380 1480 3456 S.
1545 3436 1576 3471 .‚
1600 3388 1774 3503 Ampliat.

580 3476 946 3689 ‘illusistis
975 3478 1774 3689 ,tasiliafssidssss'sslisssffaili

581 3674 707 3750 nostrus
725 3670 969 3756 facultatibus,
980 3668 1122 3770 ipsaque
1134 3692 1209 3747 vita
1220 3694 1415 3767 promerem
1431 3675 1626 3769 puratiliimi
1644 3676 1774 3755 sumne.

583 3770 744 3845 Christus
753 3768 898 3939 {generis
915 3768 1057 3841 humani
1072 3764 1241 3843 Servatur
1255 3766 1373 3843 Tuam
1386 3766 1644 3847 Beatitudioem
1656 3777 1717 3857 diu
1729 3800 1775 3853 ac

582 3866 732 3947 feliciter
769 3888 851 3941 uum
905 3886 1006 3959 egem
1019 3882 1207 3959 protegere
1223 3888 1411 3963 regereque
1426 3866 1541 3943 faciat.
1589 3870 1777 3949 Dauumin

584 3960 704 4043 castris
728 3983 810 4039 unte
875 3958 1085 4036 onusterium
1104 3960 1143 4035 in
1158 3959 1230 4038 fine
1248 3964 1330 4040 anui
1357 3984 1463 4057 1534.
1488 3968 1571 4056 (a).

491 4127 498 4133 ·
628 4116 1012 4205 (vituperationum
1042 4171 1045 4180 ι
1095 4114 1255 4187 anifestus
1275 4136 1376 4187 error
1405 4118 1441 4185 in
1470 4122 1776 4211 numeris31egen·

585 4202 736 4287 dumque
755 4218 848 4289 1534.
869 4201 976 4287 Quod
1105 4202 1210 4271 serius
1234 4204 1369 4270 anobis
1395 4203 1614 4278 observatum
1647 4208 1775 4291 fuerit,

583 4304 656 4367 uon
669 4288 785 4380 potuit
808 4288 884 4357 haec
907 4282 1050 4377 epistola
1064 4284 1220 4358 suoloco
1243 4288 1419 4358 collocari.

1661 4473 1779 4552 1:1³1·
