3967 5167
523 401 1646 577 408vruitr'nsnrrra·zu1cr1unt

527 660 646 736 lenisse
669 683 739 733 non
766 657 900 731 dubito.
949 654 1079 731 Incidit
1101 668 1215 731 autem
1238 657 1298 733 hic
1324 656 1419 733 casus
1444 658 1544 734 nobis
1569 679 1733 755 tempore

527 762 630 831 valde
655 760 876 851 importuno,
902 774 981 824 cum
1006 755 1049 825 de
1076 750 1183 847 Regis
1210 758 1390 830 voluntate
1420 757 1509 829 nihil
1534 754 1649 828 adhuc
1676 780 1732 831 re·

529 854 754 937 sciverimus,
780 850 989 921 Marcbione
1014 850 1207 935 Hourerlrii,
1231 873 1272 924 ac
1298 852 1437 946 Hoppero
1460 850 1577 925 nostro
1599 853 1733 926 adven·

458 971 467 1010 τ
528 970 602 1023 tum
627 949 724 1020 suum
747 946 980 1029 tardantibus,
1007 948 1156 1041 neque*
1176 970 1255 1043 quae
1275 952 1434 1022 mandata
1452 946 1626 1034 deserant,
1651 947 1735 1043 ipso

530 1044 777 1119 Gubernatore
804 1042 943 1136 penitus
973 1043 1165 1137 ignorante.
1224 1042 1333 1133 Quod
1363 1043 1474 1139 ipsum
1501 1066 1572 1117 non
1603 1064 1733 1139 parum

530 1144 656 1234 anxit,
682 1162 722 1212 ac
750 1142 882 1211 interea
906 1136 965 1211 hle
987 1142 1090 1212 rebus
1116 1159 1238 1233 parum
1259 1160 1302 1213 ex
1328 1142 1401 1235 ejus
1426 1138 1594 1213 sententia
1614 1138 1732 1213 succe-

529 1240 723 1319 dentibus,
756 1235 793 1309 &
819 1234 985 1306 militibus
1012 1236 1059 1307 ob
1085 1232 1254 1333 stipendia
1277 1260 1348 1310 nou
1383 1235 1494 1308 soluta
1524 1234 1730 1310 seditionem

425 1329 427 1334 ‘
527 1334 642 1431 palsrm
666 1332 908 1417 moventibus,
934 1331 1098 1405 molestiae
1117 1332 1212 1404 illum
1238 1336 1377 1407 tandem
1403 1329 1597 1405 confecere.
1648 1330 1732 1404 Nos

530 1447 643 1502 autern
671 1451 752 1500 mox
780 1428 964 1500 certiorem
989 1423 1124 1523 Regem
1157 1427 1331 1519 fecimus,
1357 1452 1397 1501 ac
1429 1430 1549 1501 statum
1571 1428 1733 1501 miserum

530 1527 834 1619 calamitosumque
860 1524 982 1618 patriae
1000 1525 1247 1606 indicavimus:
1282 1526 1452 1620 valdeque
1474 1546 1665 1611 veremur,
1688 1546 1735 1595 ne

382 1643 387 1648 ·
529 1624 702 1719 populum
721 1624 759 1692 in
773 1618 889 1693 officio
912 1616 990 1692 satis
1013 1622 1190 1692 continere
1208 1620 1388 1717 possimus,
1414 1618 1452 1693 δι
1479 1621 1583 1692 taedio
1613 1644 1733 1695 rerum

531 1716 670 1803 affecti,
695 1718 825 1789 interea
850 1715 931 1787 dum
949 1711 1069 1811 Regiae
1097 1716 1199 1813 Maj¹i⁸
1232 1719 1444 1790 voluntatem
1470 1739 1510 1789 ac
1528 1714 1757 1805 sententiam-

531 1816 779 1909 prestolamur,
805 1832 962 1884 nenovae
976 1814 1182 1886 mutationes
1199 1812 1299 1887 nobis
1312 1826 1523 1885 moveantur.
1549 1811 1733 1907 Quamob-

532 1934 605 1984 rem
630 1904 792 1981 Illustriss.
820 1906 868 1979 D.
886 1903 931 1977 V.
951 1908 1134 1982 enixissime
1158 1930 1337 2005 rogamus,
1363 1930 1402 1981 ut
1426 1927 1598 2004 quantum
1615 1909 1730 2005 potest

534 2005 630 2103 apud
648 2002 797 2099 Regiam
815 2002 940 2097 Maj“¹3²
967 2004 1188 2087 intercedat,
1214 2028 1284 2101 quo
1311 2005 1412 2077 rebus
1433 2004 1557 2077 nostris
1584 2002 1653 2077 fine
1680 2008 1734 2078 ul·

500 2106 657 2182 lteriore
675 2122 772 2175 mora
794 2098 1007 2195 provideat,
1033 2098 1276 2195 consulatque,
1301 2124 1345 2175 ne
1368 2103 1405 2173 in
1429 2122 1638 2186 extremam,
1662 2102 1731 2173 mi·

529 2222 609 2271 nam
633 2194 940 2291 confusionemque
964 2198 1109 2289 patriam
1133 2196 1281 2271 nostram
1304 2218 1469 2271 corruere
1493 2195 1588 2271 sinat.
1628 2195 1732 2309 Deus

528 2292 696 2461 lllulgriss
717 2292 767 2366 D.
791 2290 839 2371 V.
863 2293 1073 2374 incolumem
1098 2290 1289 2371 conservet.
1324 2292 1727 2371 neumnensium

533 2410 601 2484 157
628 2441 638 2462 .

577 2724 587 2735 .
671 2630 1178 2730 eprsroun
1235 2616 1570 2729 ccxxix.

368 2846 472 2941 ¹⁵⁷⁶·
593 2888 1005 2986 conminuit
1043 2890 1670 2995 unaue-VELLANO.

383 3176 387 3193 '
533 3162 632 3275 Post
657 3162 805 3253 obitum
832 3164 1174 3259 Commendotoris
1200 3198 1264 3257 res
1300 3174 1477 3287 opinione
1502 3172 1724 3287 quietiores.

367 3285 371 3291 ’
515 3374 519 3381 .
591 3288 1033 3410 AdministratioBelgii
1056 3294 1209 3385 tributa
1222 3295 1387 3406 Confido
1400 3294 1608 3401 Status,in
1624 3299 1730 3411 quod

376 3441 413 3460 “’
593 3429 686 3509 novi
726 3418 865 3507 adlecii
910 3422 1131 3530 confiliarii.
1192 3420 1264 3511 De
1308 3420 1552 3535 Hieronymo
1598 3420 1729 3515 Roda.

511 3615 515 3626 «
598 3555 809 3665 Confilium
825 3552 1021 3646 Bellicum
1036 3556 1264 3669 institutum.
1321 3554 1507 3673 Populus
1523 3558 1580 3644 ad
1588 3558 1730 3673 pacid-

449 3800 461 3808 ..
595 3690 787 3794 cariorem
812 3680 1000 3799 adspirat.

415 3966 418 3970 ·
460 3922 467 3959 '
521 3905 544 3948 Ἰ
579 3896 970 4032 criminabamur·
993 3934 1076 4009 Dae.
1101 3884 1232 4029 Scripsi
1255 3907 1367 4029 nuper
1394 3932 1438 4007 ad
1466 3928 1728 4041 sllmstrismam

539 3940 576 4105 l
604 4030 653 4108 D.
679 3930 771 4109 iffa
793 4052 904 4105 morte
928 4030 1230 4107 Commendatoris
1256 4054 1300 4105 ao
1314 4028 1578 4115 Gubernatoris
1601 4026 1732 4111 nostra,

592 4126 621 4199 st
636 4152 739 4223 quam
755 4128 971 4224 tranquillius
987 4126 1202 4227 quietiusque
1217 4148 1271 4201 rer
1289 4126 1414 4203 nostrae
1424 4122 1586 4201 hasienus
1599 4120 1733 4221 succes-

559 4243 679 4309 erunt,
717 4225 822 4321 quim
851 4224 986 4321 sperare
1023 4222 1093 4300 auli
1126 4222 1310 4301 fueramus.
1360 4221 1410 4299 Et
1443 4218 1557 4319 Regia
1590 4242 1733 4395 quoffie
