<?xml version="1.0" encoding="UTF-8"?>
<!DOCTYPE html PUBLIC "-//W3C//DTD XHTML 1.0 Transitional//EN"
    "http://www.w3.org/TR/xhtml1/DTD/xhtml1-transitional.dtd">
<html xmlns="http://www.w3.org/1999/xhtml" xml:lang="en" lang="en">
 <head>
  <title>
</title>
<meta http-equiv="Content-Type" content="text/html;charset=utf-8" />
  <meta name='ocr-system' content='tesseract 3.04.00' />
  <meta name='ocr-capabilities' content='ocr_page ocr_carea ocr_par ocr_line ocrx_word'/>
</head>
<body>
  <div class='ocr_page' id='page_1' title='image "./vitavigliiabayt04papegoog_0167.png"; bbox 0 0 3967 5167; ppageno 0'>
   <div class='ocr_carea' id='block_1_1' title="bbox 552 451 1671 601">
    <p class='ocr_par' dir='ltr' id='par_1_1' title="bbox 552 451 1671 601">
     <span class='ocr_line' id='line_1_1' title="bbox 552 451 1671 601; baseline -0.003 -28"><span class='ocrx_word' id='word_1_1' title='bbox 552 505 634 601; x_wconf 86' lang='lat'>144</span> <span class='ocrx_word' id='word_1_2' title='bbox 660 477 893 584; x_wconf 78' lang='lat' dir='ltr'>vlouu</span> <span class='ocrx_word' id='word_1_3' title='bbox 919 501 986 572; x_wconf 68' lang='lat' dir='ltr'>aa</span> <span class='ocrx_word' id='word_1_4' title='bbox 1015 451 1275 587; x_wconf 73' lang='lat' dir='ltr'>Arrun</span> <span class='ocrx_word' id='word_1_5' title='bbox 1301 473 1671 574; x_wconf 79' lang='lat' dir='ltr'>zurcuunrr</span> 
     </span>
    </p>
   </div>
   <div class='ocr_carea' id='block_1_2' title="bbox 550 675 1883 1174">
    <p class='ocr_par' dir='ltr' id='par_1_2' title="bbox 551 675 1746 777">
     <span class='ocr_line' id='line_1_2' title="bbox 551 675 1746 777; baseline -0.001 -21"><span class='ocrx_word' id='word_1_6' title='bbox 551 681 702 757; x_wconf 75' lang='lat' dir='ltr'>Sirenas</span> <span class='ocrx_word' id='word_1_7' title='bbox 733 680 1070 777; x_wconf 78' lang='lat' dir='ltr'>praeternavigavit:</span> <span class='ocrx_word' id='word_1_8' title='bbox 1103 699 1182 750; x_wconf 88' lang='lat' dir='ltr'>narn</span> <span class='ocrx_word' id='word_1_9' title='bbox 1219 677 1397 750; x_wconf 69' lang='lat' dir='ltr'>sarbaram</span> <span class='ocrx_word' id='word_1_10' title='bbox 1428 675 1465 752; x_wconf 87' lang='lat'>&amp;</span> <span class='ocrx_word' id='word_1_11' title='bbox 1497 679 1746 756; x_wconf 71' lang='lat' dir='ltr'>Metancbronen</span> 
     </span>
    </p>

    <p class='ocr_par' dir='ltr' id='par_1_3' title="bbox 550 770 1883 1174">
     <span class='ocr_line' id='line_1_3' title="bbox 550 770 1746 875; baseline 0 -24"><span class='ocrx_word' id='word_1_12' title='bbox 550 777 643 875; x_wconf 86' lang='lat' dir='ltr'>saepe</span> <span class='ocrx_word' id='word_1_13' title='bbox 661 777 811 852; x_wconf 88' lang='lat' dir='ltr'>habebat</span> <span class='ocrx_word' id='word_1_14' title='bbox 835 779 871 849; x_wconf 94' lang='lat' dir='ltr'>in</span> <span class='ocrx_word' id='word_1_15' title='bbox 895 797 968 846; x_wconf 90' lang='lat' dir='ltr'>ore.</span> <span class='ocrx_word' id='word_1_16' title='bbox 993 770 1107 847; x_wconf 81' lang='lat' dir='ltr'>Causa</span> <span class='ocrx_word' id='word_1_17' title='bbox 1131 793 1245 846; x_wconf 87' lang='lat' dir='ltr'>autern</span> <span class='ocrx_word' id='word_1_18' title='bbox 1269 776 1406 846; x_wconf 81' lang='lat' dir='ltr'>Antonio</span> <span class='ocrx_word' id='word_1_19' title='bbox 1429 774 1500 848; x_wconf 89' lang='lat' dir='ltr'>huc</span> <span class='ocrx_word' id='word_1_20' title='bbox 1526 774 1746 870; x_wconf 85' lang='lat' dir='ltr'>proficiscen·</span> 
     </span>
     <span class='ocr_line' id='line_1_4' title="bbox 550 866 1883 968; baseline -0.002 -21"><span class='ocrx_word' id='word_1_21' title='bbox 550 875 589 947; x_wconf 88' lang='lat' dir='ltr'>di</span> <span class='ocrx_word' id='word_1_22' title='bbox 606 872 676 958; x_wconf 81' lang='lat' dir='ltr'>esi,</span> <span class='ocrx_word' id='word_1_23' title='bbox 699 893 739 946; x_wconf 88' lang='lat' dir='ltr'>ut</span> <span class='ocrx_word' id='word_1_24' title='bbox 749 898 793 948; x_wconf 86' lang='lat' dir='ltr'>ex</span> <span class='ocrx_word' id='word_1_25' title='bbox 803 873 1026 951; x_wconf 88' lang='lat' dir='ltr'>Medicorum</span> <span class='ocrx_word' id='word_1_26' title='bbox 1042 866 1187 945; x_wconf 86' lang='lat' dir='ltr'>consilio</span> <span class='ocrx_word' id='word_1_27' title='bbox 1206 869 1399 944; x_wconf 87' lang='lat' dir='ltr'>valetudini</span> <span class='ocrx_word' id='word_1_28' title='bbox 1412 870 1612 968; x_wconf 84' lang='lat' dir='ltr'>prospiciat.</span> <span class='ocrx_word' id='word_1_29' title='bbox 1639 873 1745 967; x_wconf 84' lang='lat' dir='ltr'>Quae·</span> <span class='ocrx_word' id='word_1_30' title='bbox 1878 871 1883 945; x_wconf 63' lang='lat' dir='ltr'>s</span> 
     </span>
     <span class='ocr_line' id='line_1_5' title="bbox 551 962 1883 1068; baseline -0.001 -26"><span class='ocrx_word' id='word_1_31' title='bbox 551 967 652 1043; x_wconf 85' lang='lat' dir='ltr'>storis</span> <span class='ocrx_word' id='word_1_32' title='bbox 676 969 767 1044; x_wconf 90' lang='lat' dir='ltr'>filius</span> <span class='ocrx_word' id='word_1_33' title='bbox 792 966 867 1064; x_wconf 86' lang='lat'>(3)</span> <span class='ocrx_word' id='word_1_34' title='bbox 893 964 1043 1039; x_wconf 82' lang='lat' dir='ltr'><strong>Romam</strong></span> <span class='ocrx_word' id='word_1_35' title='bbox 1067 965 1168 1053; x_wconf 87' lang='lat' dir='ltr'>abiit,</span> <span class='ocrx_word' id='word_1_36' title='bbox 1193 962 1266 1038; x_wconf 88' lang='lat' dir='ltr'>visa</span> <span class='ocrx_word' id='word_1_37' title='bbox 1292 965 1398 1055; x_wconf 88' lang='lat' dir='ltr'>urbe,</span> <span class='ocrx_word' id='word_1_38' title='bbox 1422 990 1506 1042; x_wconf 83' lang='lat' dir='ltr'>mox</span> <span class='ocrx_word' id='word_1_39' title='bbox 1532 969 1569 1040; x_wconf 89' lang='lat' dir='ltr'>in</span> <span class='ocrx_word' id='word_1_40' title='bbox 1598 971 1746 1064; x_wconf 85' lang='lat' dir='ltr'>patriam</span> <span class='ocrx_word' id='word_1_41' title='bbox 1882 1039 1883 1068; x_wconf 25' lang='lat'>¹</span> 
     </span>
     <span class='ocr_line' id='line_1_6' title="bbox 551 1061 1882 1174; baseline 0 -34"><span class='ocrx_word' id='word_1_42' title='bbox 551 1067 736 1141; x_wconf 79' lang='lat' dir='ltr'>redituros.</span> <span class='ocrx_word' id='word_1_43' title='bbox 795 1065 913 1137; x_wconf 88' lang='lat' dir='ltr'>Credo</span> <span class='ocrx_word' id='word_1_44' title='bbox 942 1061 1021 1135; x_wconf 88' lang='lat' dir='ltr'>sore</span> <span class='ocrx_word' id='word_1_45' title='bbox 1055 1081 1095 1134; x_wconf 94' lang='lat' dir='ltr'>ut</span> <span class='ocrx_word' id='word_1_46' title='bbox 1118 1081 1300 1136; x_wconf 82' lang='lat' dir='ltr'>tecoram</span> <span class='ocrx_word' id='word_1_47' title='bbox 1323 1067 1510 1136; x_wconf 87' lang='lat' dir='ltr'>conveniat</span> <span class='ocrx_word' id='word_1_48' title='bbox 1533 1085 1575 1136; x_wconf 91' lang='lat' dir='ltr'>ac</span> <span class='ocrx_word' id='word_1_49' title='bbox 1606 1063 1746 1155; x_wconf 88' lang='lat' dir='ltr'>salutet,</span> <span class='ocrx_word' id='word_1_50' title='bbox 1878 1126 1882 1174; x_wconf 29' lang='grc' dir='ltr'>ἦ</span> 
     </span>
    </p>
   </div>
   <div class='ocr_carea' id='block_1_3' title="bbox 379 1153 1885 3165">
    <p class='ocr_par' dir='ltr' id='par_1_4' title="bbox 379 1153 1885 3165">
     <span class='ocr_line' id='line_1_7' title="bbox 552 1153 1745 1263; baseline 0 -29"><span class='ocrx_word' id='word_1_51' title='bbox 552 1163 775 1258; x_wconf 87' lang='lat' dir='ltr'>animumque</span> <span class='ocrx_word' id='word_1_52' title='bbox 805 1159 903 1232; x_wconf 89' lang='lat' dir='ltr'>suum</span> <span class='ocrx_word' id='word_1_53' title='bbox 929 1159 967 1234; x_wconf 75' lang='grc' dir='ltr'>δι</span> <span class='ocrx_word' id='word_1_54' title='bbox 995 1153 1173 1230; x_wconf 86' lang='lat' dir='ltr'>confilium</span> <span class='ocrx_word' id='word_1_55' title='bbox 1197 1157 1334 1252; x_wconf 80' lang='lat' dir='ltr'>plenius</span> <span class='ocrx_word' id='word_1_56' title='bbox 1366 1157 1430 1230; x_wconf 91' lang='lat' dir='ltr'>tibi</span> <span class='ocrx_word' id='word_1_57' title='bbox 1452 1161 1613 1254; x_wconf 79' lang='lat' dir='ltr'>explicet.</span> <span class='ocrx_word' id='word_1_58' title='bbox 1665 1160 1745 1263; x_wconf 86' lang='lat' dir='ltr'>Ego</span> 
     </span>
     <span class='ocr_line' id='line_1_8' title="bbox 550 1250 1882 1360; baseline 0 -29"><span class='ocrx_word' id='word_1_59' title='bbox 550 1256 631 1331; x_wconf 89' lang='lat' dir='ltr'>sane</span> <span class='ocrx_word' id='word_1_60' title='bbox 649 1255 842 1332; x_wconf 83' lang='lat' dir='ltr'>arbitrabar</span> <span class='ocrx_word' id='word_1_61' title='bbox 859 1255 1036 1347; x_wconf 85' lang='lat' dir='ltr'><strong>negotium</strong></span> <span class='ocrx_word' id='word_1_62' title='bbox 1062 1250 1319 1354; x_wconf 75' lang='lat' dir='ltr'>hocpensronie</span> <span class='ocrx_word' id='word_1_63' title='bbox 1339 1274 1409 1326; x_wconf 87' lang='lat' dir='ltr'>tuae</span> <span class='ocrx_word' id='word_1_64' title='bbox 1428 1254 1576 1349; x_wconf 85' lang='lat' dir='ltr'>potuisse</span> <span class='ocrx_word' id='word_1_65' title='bbox 1600 1279 1664 1352; x_wconf 87' lang='lat' dir='ltr'>per</span> <span class='ocrx_word' id='word_1_66' title='bbox 1686 1279 1746 1353; x_wconf 85' lang='lat' dir='ltr'>pa·</span> <span class='ocrx_word' id='word_1_67' title='bbox 1881 1356 1882 1360; x_wconf 7' lang='grc' dir='ltr'><strong>Ἴ</strong></span> 
     </span>
     <span class='ocr_line' id='line_1_9' title="bbox 550 1346 1883 1451; baseline 0 -24"><span class='ocrx_word' id='word_1_68' title='bbox 550 1373 640 1428; x_wconf 89' lang='lat' dir='ltr'>trem</span> <span class='ocrx_word' id='word_1_69' title='bbox 664 1353 834 1448; x_wconf 81' lang='lat' dir='ltr'>expediri.</span> <span class='ocrx_word' id='word_1_70' title='bbox 883 1349 1115 1444; x_wconf 76' lang='lat' dir='ltr'><strong>Quapropter</strong></span> <span class='ocrx_word' id='word_1_71' title='bbox 1128 1348 1292 1444; x_wconf 86' lang='lat' dir='ltr'>juvenem</span> <span class='ocrx_word' id='word_1_72' title='bbox 1316 1346 1375 1421; x_wconf 90' lang='lat' dir='ltr'>sua</span> <span class='ocrx_word' id='word_1_73' title='bbox 1398 1347 1522 1446; x_wconf 93' lang='lat' dir='ltr'>sponte</span> <span class='ocrx_word' id='word_1_74' title='bbox 1544 1351 1745 1428; x_wconf 88' lang='lat' dir='ltr'>inclinatum</span> <span class='ocrx_word' id='word_1_75' title='bbox 1881 1369 1883 1451; x_wconf 41' lang='grc' dir='ltr'>ξ</span> 
     </span>
     <span class='ocr_line' id='line_1_10' title="bbox 551 1443 1884 1544; baseline 0.002 -22"><span class='ocrx_word' id='word_1_76' title='bbox 551 1470 620 1544; x_wconf 89' lang='lat' dir='ltr'>pro</span> <span class='ocrx_word' id='word_1_77' title='bbox 641 1451 736 1522; x_wconf 86' lang='lat' dir='ltr'>vrnh</span> <span class='ocrx_word' id='word_1_78' title='bbox 755 1445 978 1540; x_wconf 78' lang='lat' dir='ltr'>instigabam:</span> <span class='ocrx_word' id='word_1_79' title='bbox 1002 1465 1074 1538; x_wconf 90' lang='lat' dir='ltr'>quo</span> <span class='ocrx_word' id='word_1_80' title='bbox 1097 1444 1305 1518; x_wconf 78' lang='lat' dir='ltr'><strong>laudabilem</strong></span> <span class='ocrx_word' id='word_1_81' title='bbox 1319 1443 1415 1516; x_wconf 89' lang='lat' dir='ltr'>istam</span> <span class='ocrx_word' id='word_1_82' title='bbox 1433 1450 1649 1522; x_wconf 89' lang='lat' dir='ltr'>voluntatem</span> <span class='ocrx_word' id='word_1_83' title='bbox 1667 1473 1745 1524; x_wconf 86' lang='lat' dir='ltr'>exe·</span> <span class='ocrx_word' id='word_1_84' title='bbox 1880 1501 1884 1537; x_wconf 81' lang='lat'>.</span> 
     </span>
     <span class='ocr_line' id='line_1_11' title="bbox 475 1537 1744 1638; baseline 0.002 -22"><span class='ocrx_word' id='word_1_85' title='bbox 475 1538 501 1552; x_wconf 68' lang='grc'><strong>“</strong></span> <span class='ocrx_word' id='word_1_86' title='bbox 553 1563 729 1638; x_wconf 84' lang='lat' dir='ltr'>queretur.</span> <span class='ocrx_word' id='word_1_87' title='bbox 778 1541 835 1614; x_wconf 90' lang='lat' dir='ltr'>De</span> <span class='ocrx_word' id='word_1_88' title='bbox 861 1543 963 1616; x_wconf 81' lang='lat' dir='ltr'>Riccir‘</span> <span class='ocrx_word' id='word_1_89' title='bbox 982 1542 1077 1611; x_wconf 90' lang='lat' dir='ltr'>libro</span> <span class='ocrx_word' id='word_1_90' title='bbox 1099 1537 1170 1635; x_wconf 90' lang='lat' dir='ltr'>ipse</span> <span class='ocrx_word' id='word_1_91' title='bbox 1191 1541 1372 1634; x_wconf 87' lang='lat' dir='ltr'>judicabis.</span> <span class='ocrx_word' id='word_1_92' title='bbox 1418 1539 1584 1638; x_wconf 89' lang='lat' dir='ltr'>Poposcit</span> <span class='ocrx_word' id='word_1_93' title='bbox 1608 1565 1689 1619; x_wconf 91' lang='lat' dir='ltr'>eum</span> <span class='ocrx_word' id='word_1_94' title='bbox 1702 1545 1744 1618; x_wconf 83' lang='lat' dir='ltr'>ab</span> 
     </span>
     <span class='ocr_line' id='line_1_12' title="bbox 384 1633 1885 1732; baseline 0.001 -22"><span class='ocrx_word' id='word_1_95' title='bbox 384 1656 403 1694; x_wconf 66' lang='lat'>⁸</span> <span class='ocrx_word' id='word_1_96' title='bbox 421 1651 506 1726; x_wconf 62' lang='lat' dir='ltr'>Pype</span> <span class='ocrx_word' id='word_1_97' title='bbox 553 1641 705 1731; x_wconf 78' lang='lat' dir='ltr'>Ephonno</span> <span class='ocrx_word' id='word_1_98' title='bbox 730 1637 965 1732; x_wconf 77' lang='lat' dir='ltr'>Hieronymus,</span> <span class='ocrx_word' id='word_1_99' title='bbox 996 1633 1135 1707; x_wconf 77' lang='lat' dir='ltr'>siresie</span> <span class='ocrx_word' id='word_1_100' title='bbox 1163 1638 1342 1721; x_wconf 82' lang='lat' dir='ltr'>intellexi,</span> <span class='ocrx_word' id='word_1_101' title='bbox 1378 1635 1415 1707; x_wconf 89' lang='lat'><strong>&amp;</strong></span> <span class='ocrx_word' id='word_1_102' title='bbox 1442 1640 1586 1712; x_wconf 82' lang='lat' dir='ltr'>Bebelr&#39;ur</span> <span class='ocrx_word' id='word_1_103' title='bbox 1609 1639 1629 1679; x_wconf 79' lang='lat'>&#39;</span> <span class='ocrx_word' id='word_1_104' title='bbox 1652 1638 1744 1713; x_wconf 80' lang='lat' dir='ltr'>Bau·</span> <span class='ocrx_word' id='word_1_105' title='bbox 1884 1639 1885 1692; x_wconf 34' lang='grc' dir='ltr'><strong>Ὗ</strong></span> 
     </span>
     <span class='ocr_line' id='line_1_13' title="bbox 379 1730 1883 1829; baseline -0.001 -20"><span class='ocrx_word' id='word_1_106' title='bbox 379 1730 517 1824; x_wconf 58' lang='lat' dir='ltr'>verbus,</span> <span class='ocrx_word' id='word_1_107' title='bbox 551 1739 640 1808; x_wconf 83' lang='lat' dir='ltr'>leam</span> <span class='ocrx_word' id='word_1_108' title='bbox 666 1737 820 1829; x_wconf 75' lang='lat' dir='ltr'>pertulit.</span> <span class='ocrx_word' id='word_1_109' title='bbox 869 1731 908 1804; x_wconf 85' lang='lat' dir='ltr'>Si</span> <span class='ocrx_word' id='word_1_110' title='bbox 936 1752 1004 1824; x_wconf 87' lang='lat' dir='ltr'>ego</span> <span class='ocrx_word' id='word_1_111' title='bbox 1029 1731 1126 1803; x_wconf 87' lang='lat' dir='ltr'>idern</span> <span class='ocrx_word' id='word_1_112' title='bbox 1153 1732 1246 1825; x_wconf 89' lang='lat' dir='ltr'>apud</span> <span class='ocrx_word' id='word_1_113' title='bbox 1268 1733 1366 1804; x_wconf 89' lang='lat' dir='ltr'>illum</span> <span class='ocrx_word' id='word_1_114' title='bbox 1389 1731 1591 1825; x_wconf 78' lang='lat' dir='ltr'>potuissem,</span> <span class='ocrx_word' id='word_1_115' title='bbox 1625 1735 1746 1808; x_wconf 86' lang='lat' dir='ltr'>luben·</span> <span class='ocrx_word' id='word_1_116' title='bbox 1882 1760 1883 1764; x_wconf 44' lang='lat'>¹</span> 
     </span>
     <span class='ocr_line' id='line_1_14' title="bbox 381 1824 1883 1942; baseline -0.003 -36"><span class='ocrx_word' id='word_1_117' title='bbox 381 1824 489 1942; x_wconf 54' lang='lat'>2¹2⁰*</span> <span class='ocrx_word' id='word_1_118' title='bbox 553 1851 608 1904; x_wconf 89' lang='lat' dir='ltr'>ter</span> <span class='ocrx_word' id='word_1_119' title='bbox 622 1832 660 1906; x_wconf 90' lang='lat'>&amp;</span> <span class='ocrx_word' id='word_1_120' title='bbox 681 1831 724 1903; x_wconf 84' lang='lat' dir='ltr'>ad</span> <span class='ocrx_word' id='word_1_121' title='bbox 743 1851 778 1901; x_wconf 91' lang='lat' dir='ltr'>te</span> <span class='ocrx_word' id='word_1_122' title='bbox 796 1829 943 1901; x_wconf 85' lang='lat' dir='ltr'>alterum</span> <span class='ocrx_word' id='word_1_123' title='bbox 960 1828 1139 1922; x_wconf 83' lang='lat' dir='ltr'>exemplar</span> <span class='ocrx_word' id='word_1_124' title='bbox 1160 1825 1339 1899; x_wconf 86' lang='lat' dir='ltr'>ferendum</span> <span class='ocrx_word' id='word_1_125' title='bbox 1367 1825 1539 1903; x_wconf 80' lang='lat' dir='ltr'>dedissem.</span> <span class='ocrx_word' id='word_1_126' title='bbox 1591 1829 1744 1926; x_wconf 70' lang='lat' dir='ltr'>fflnony·</span> <span class='ocrx_word' id='word_1_127' title='bbox 1882 1837 1883 1884; x_wconf 75' lang='grc' dir='ltr'><strong><em>ἲ</em></strong></span> 
     </span>
     <span class='ocr_line' id='line_1_15' title="bbox 382 1919 1882 2041; baseline -0.002 -43"><span class='ocrx_word' id='word_1_128' title='bbox 382 1923 506 2041; x_wconf 61' lang='lat' dir='ltr'>Jm’m</span> <span class='ocrx_word' id='word_1_129' title='bbox 552 1949 622 1998; x_wconf 81' lang='lat' dir='ltr'>ntus</span> <span class='ocrx_word' id='word_1_130' title='bbox 647 1919 771 2020; x_wconf 71' lang='lat' dir='ltr'>Vada(</span> <span class='ocrx_word' id='word_1_131' title='bbox 811 1921 1053 2016; x_wconf 85' lang='lat' dir='ltr'>)Canonicus</span> <span class='ocrx_word' id='word_1_132' title='bbox 1085 1920 1133 1992; x_wconf 90' lang='lat' dir='ltr'>est</span> <span class='ocrx_word' id='word_1_133' title='bbox 1157 1921 1355 2017; x_wconf 86' lang='lat' dir='ltr'>Regulnris.</span> <span class='ocrx_word' id='word_1_134' title='bbox 1413 1921 1535 1998; x_wconf 86' lang='lat' dir='ltr'><strong>Statim</strong></span> <span class='ocrx_word' id='word_1_135' title='bbox 1563 1945 1679 2000; x_wconf 90' lang='lat' dir='ltr'>tamen</span> <span class='ocrx_word' id='word_1_136' title='bbox 1704 1951 1745 2002; x_wconf 90' lang='lat' dir='ltr'>ac</span> <span class='ocrx_word' id='word_1_137' title='bbox 1846 1968 1851 1999; x_wconf 77' lang='lat' dir='ltr'>t</span> <span class='ocrx_word' id='word_1_138' title='bbox 1881 1965 1882 1994; x_wconf 76' lang='grc'>;</span> 
     </span>
     <span class='ocr_line' id='line_1_16' title="bbox 517 1949 1883 2125; baseline -0.001 -29"><span class='ocrx_word' id='word_1_139' title='bbox 517 2000 528 2034; x_wconf 84' lang='grc'>’</span> <span class='ocrx_word' id='word_1_140' title='bbox 552 2022 757 2096; x_wconf 76' lang='lat' dir='ltr'>eruditionis</span> <span class='ocrx_word' id='word_1_141' title='bbox 778 1949 844 2090; x_wconf 62' lang='lat' dir='ltr'>sbi</span> <span class='ocrx_word' id='word_1_142' title='bbox 870 2018 1053 2112; x_wconf 87' lang='lat' dir='ltr'>quamdam</span> <span class='ocrx_word' id='word_1_143' title='bbox 1081 2019 1223 2112; x_wconf 84' lang='lat' dir='ltr'>peperit</span> <span class='ocrx_word' id='word_1_144' title='bbox 1241 2019 1458 2125; x_wconf 83' lang='lat' dir='ltr'>opinionem,</span> <span class='ocrx_word' id='word_1_145' title='bbox 1509 2023 1637 2094; x_wconf 82' lang='lat' dir='ltr'>atronis</span> <span class='ocrx_word' id='word_1_146' title='bbox 1660 2043 1745 2096; x_wconf 40' lang='lat' dir='ltr'>cona</span> <span class='ocrx_word' id='word_1_147' title='bbox 1882 2035 1883 2042; x_wconf 75' lang='grc'>’</span> 
     </span>
     <span class='ocr_line' id='line_1_17' title="bbox 548 2113 1883 2208; baseline 0.001 -16"><span class='ocrx_word' id='word_1_148' title='bbox 548 2119 673 2192; x_wconf 79' lang='lat' dir='ltr'>ciliatis</span> <span class='ocrx_word' id='word_1_149' title='bbox 706 2113 954 2188; x_wconf 87' lang='lat' dir='ltr'>monachorum</span> <span class='ocrx_word' id='word_1_150' title='bbox 984 2115 1251 2186; x_wconf 89' lang='lat' dir='ltr'>contubernium</span> <span class='ocrx_word' id='word_1_151' title='bbox 1282 2115 1432 2208; x_wconf 80' lang='lat' dir='ltr'>renquit.</span> <span class='ocrx_word' id='word_1_152' title='bbox 1520 2119 1657 2188; x_wconf 87' lang='lat' dir='ltr'>ononiae</span> <span class='ocrx_word' id='word_1_153' title='bbox 1683 2139 1747 2190; x_wconf 89' lang='lat' dir='ltr'>nu·</span> <span class='ocrx_word' id='word_1_154' title='bbox 1882 2187 1883 2193; x_wconf 73' lang='grc'>,</span> 
     </span>
     <span class='ocr_line' id='line_1_18' title="bbox 547 2205 1883 2311; baseline 0 -25"><span class='ocrx_word' id='word_1_155' title='bbox 547 2235 631 2311; x_wconf 88' lang='lat' dir='ltr'>per,</span> <span class='ocrx_word' id='word_1_156' title='bbox 656 2229 696 2287; x_wconf 93' lang='lat' dir='ltr'>ut</span> <span class='ocrx_word' id='word_1_157' title='bbox 718 2208 866 2308; x_wconf 83' lang='lat' dir='ltr'>scripsi,</span> <span class='ocrx_word' id='word_1_158' title='bbox 898 2209 945 2280; x_wconf 89' lang='lat' dir='ltr'>ob</span> <span class='ocrx_word' id='word_1_159' title='bbox 977 2205 1173 2282; x_wconf 89' lang='lat' dir='ltr'>Christeida</span> <span class='ocrx_word' id='word_1_160' title='bbox 1197 2209 1360 2282; x_wconf 89' lang='lat' dir='ltr'>Pontifici</span> <span class='ocrx_word' id='word_1_161' title='bbox 1385 2211 1500 2284; x_wconf 87' lang='lat' dir='ltr'>dicata</span> <span class='ocrx_word' id='word_1_162' title='bbox 1526 2209 1745 2308; x_wconf 83' lang='lat' dir='ltr'>Episcopatu</span> <span class='ocrx_word' id='word_1_163' title='bbox 1878 2266 1883 2306; x_wconf 72' lang='lat'>.</span> 
     </span>
     <span class='ocr_line' id='line_1_19' title="bbox 549 2302 1884 2400; baseline 0 -18"><span class='ocrx_word' id='word_1_164' title='bbox 549 2313 701 2384; x_wconf 87' lang='lat' dir='ltr'>donatus</span> <span class='ocrx_word' id='word_1_165' title='bbox 724 2305 805 2393; x_wconf 68' lang='lat' dir='ltr'>est.</span> <span class='ocrx_word' id='word_1_166' title='bbox 843 2303 958 2400; x_wconf 74' lang='lat' dir='ltr'>Hujus</span> <span class='ocrx_word' id='word_1_167' title='bbox 986 2327 1029 2377; x_wconf 86' lang='lat' dir='ltr'>ac</span> <span class='ocrx_word' id='word_1_168' title='bbox 1054 2302 1243 2398; x_wconf 72' lang='lat' dir='ltr'>Frocassorr‘i</span> <span class='ocrx_word' id='word_1_169' title='bbox 1267 2302 1337 2398; x_wconf 85' lang='lat'>(5)</span> <span class='ocrx_word' id='word_1_170' title='bbox 1364 2305 1537 2399; x_wconf 90' lang='lat' dir='ltr'>cujusdam</span> <span class='ocrx_word' id='word_1_171' title='bbox 1563 2311 1743 2395; x_wconf 88' lang='lat' dir='ltr'>carmina,</span> <span class='ocrx_word' id='word_1_172' title='bbox 1882 2325 1884 2394; x_wconf 63' lang='grc' dir='ltr'><strong>ξ</strong></span> 
     </span>
     <span class='ocr_line' id='line_1_20' title="bbox 547 2400 1884 2500; baseline 0.001 -23"><span class='ocrx_word' id='word_1_173' title='bbox 547 2407 696 2500; x_wconf 86' lang='lat' dir='ltr'>primam</span> <span class='ocrx_word' id='word_1_174' title='bbox 728 2403 868 2476; x_wconf 89' lang='lat' dir='ltr'>landem</span> <span class='ocrx_word' id='word_1_175' title='bbox 897 2401 993 2496; x_wconf 90' lang='lat' dir='ltr'>apud</span> <span class='ocrx_word' id='word_1_176' title='bbox 1020 2400 1127 2472; x_wconf 89' lang='lat' dir='ltr'>Italos</span> <span class='ocrx_word' id='word_1_177' title='bbox 1159 2401 1327 2474; x_wconf 89' lang='lat' dir='ltr'>obtinent.</span> <span class='ocrx_word' id='word_1_178' title='bbox 1384 2400 1466 2475; x_wconf 90' lang='lat' dir='ltr'>Misi</span> <span class='ocrx_word' id='word_1_179' title='bbox 1521 2403 1672 2477; x_wconf 86' lang='lat' dir='ltr'>nondam</span> <span class='ocrx_word' id='word_1_180' title='bbox 1700 2408 1745 2480; x_wconf 88' lang='lat' dir='ltr'>ad</span> <span class='ocrx_word' id='word_1_181' title='bbox 1883 2404 1884 2420; x_wconf 60' lang='lat'>¹</span> 
     </span>
     <span class='ocr_line' id='line_1_21' title="bbox 548 2493 1745 2590; baseline -0.009 -15"><span class='ocrx_word' id='word_1_182' title='bbox 548 2503 738 2575; x_wconf 80' lang='lat' dir='ltr'>Glareanurn</span> <span class='ocrx_word' id='word_1_183' title='bbox 755 2498 889 2572; x_wconf 81' lang='lat' dir='ltr'>libellos</span> <span class='ocrx_word' id='word_1_184' title='bbox 905 2493 1072 2589; x_wconf 89' lang='lat' dir='ltr'>quosdam</span> <span class='ocrx_word' id='word_1_185' title='bbox 1093 2493 1281 2590; x_wconf 89' lang='lat' dir='ltr'>utriusque.</span> <span class='ocrx_word' id='word_1_186' title='bbox 1313 2495 1473 2584; x_wconf 56' lang='lat' dir='ltr'>sanas&amp;</span> <span class='ocrx_word' id='word_1_187' title='bbox 1538 2521 1629 2572; x_wconf 84' lang='lat' dir='ltr'>omae</span> <span class='ocrx_word' id='word_1_188' title='bbox 1648 2500 1745 2574; x_wconf 82' lang='lat' dir='ltr'>labo·</span> 
     </span>
     <span class='ocr_line' id='line_1_22' title="bbox 548 2588 1885 2782; baseline -0.001 -113"><span class='ocrx_word' id='word_1_189' title='bbox 548 2621 603 2763; x_wconf 58' lang='lat' dir='ltr'>{fir</span> <span class='ocrx_word' id='word_1_190' title='bbox 616 2593 917 2762; x_wconf 44' lang='lat' dir='ltr'>tpinrocsaterpptiia:</span> <span class='ocrx_word' id='word_1_191' title='bbox 943 2588 1000 2665; x_wconf 86' lang='lat' dir='ltr'>sed</span> <span class='ocrx_word' id='word_1_192' title='bbox 1012 2613 1138 2755; x_wconf 48' lang='lat' dir='ltr'>vereptr</span> <span class='ocrx_word' id='word_1_193' title='bbox 1154 2611 1198 2664; x_wconf 93' lang='lat' dir='ltr'>ne</span> <span class='ocrx_word' id='word_1_194' title='bbox 1215 2594 1326 2782; x_wconf 56' lang='lat' dir='ltr'>in}ita</span> <span class='ocrx_word' id='word_1_195' title='bbox 1340 2593 1444 2762; x_wconf 57' lang='lat' dir='ltr'>Pelia</span> <span class='ocrx_word' id='word_1_196' title='bbox 1461 2613 1618 2778; x_wconf 52' lang='lat' dir='ltr'>vgetclur.</span> <span class='ocrx_word' id='word_1_197' title='bbox 1635 2595 1744 2764; x_wconf 56' lang='grc' dir='ltr'>Νοὲἰι</span> <span class='ocrx_word' id='word_1_198' title='bbox 1884 2671 1885 2674; x_wconf 65' lang='grc'>,</span> 
     </span>
     <span class='ocr_line' id='line_1_23' title="bbox 591 2708 1884 2766; baseline 0.002 -3"><span class='ocrx_word' id='word_1_199' title='bbox 591 2717 613 2763; x_wconf 93' lang='lat' dir='ltr'>u</span> <span class='ocrx_word' id='word_1_200' title='bbox 710 2711 779 2760; x_wconf 81' lang='lat' dir='ltr'>una</span> <span class='ocrx_word' id='word_1_201' title='bbox 836 2708 947 2760; x_wconf 79' lang='lat' dir='ltr'>omont</span> <span class='ocrx_word' id='word_1_202' title='bbox 970 2709 1030 2758; x_wconf 83' lang='lat' dir='ltr'>non</span> <span class='ocrx_word' id='word_1_203' title='bbox 1055 2709 1096 2756; x_wconf 87' lang='lat' dir='ltr'>ou</span> <span class='ocrx_word' id='word_1_204' title='bbox 1147 2709 1232 2760; x_wconf 85' lang='lat' dir='ltr'>ovem</span> <span class='ocrx_word' id='word_1_205' title='bbox 1270 2711 1320 2762; x_wconf 84' lang='lat' dir='ltr'>rne</span> <span class='ocrx_word' id='word_1_206' title='bbox 1357 2713 1430 2761; x_wconf 84' lang='lat' dir='ltr'>ana.</span> <span class='ocrx_word' id='word_1_207' title='bbox 1522 2712 1556 2761; x_wconf 82' lang='lat' dir='ltr'>ut</span> <span class='ocrx_word' id='word_1_208' title='bbox 1581 2715 1633 2764; x_wconf 88' lang='lat' dir='ltr'>am</span> <span class='ocrx_word' id='word_1_209' title='bbox 1658 2713 1744 2765; x_wconf 86' lang='lat' dir='ltr'>roe</span> <span class='ocrx_word' id='word_1_210' title='bbox 1883 2763 1884 2766; x_wconf 74' lang='grc'>,</span> 
     </span>
     <span class='ocr_line' id='line_1_24' title="bbox 547 2741 1885 2881; baseline 0.001 -23"><span class='ocrx_word' id='word_1_211' title='bbox 547 2788 635 2858; x_wconf 91' lang='lat' dir='ltr'>mihi</span> <span class='ocrx_word' id='word_1_212' title='bbox 645 2741 789 2879; x_wconf 64' lang='lat' dir='ltr'>’scripsit</span> <span class='ocrx_word' id='word_1_213' title='bbox 796 2833 808 2870; x_wconf 89' lang='lat'>‚</span> <span class='ocrx_word' id='word_1_214' title='bbox 833 2782 933 2878; x_wconf 83' lang='lat' dir='ltr'>gravi</span> <span class='ocrx_word' id='word_1_215' title='bbox 958 2805 1038 2855; x_wconf 88' lang='lat' dir='ltr'>eum</span> <span class='ocrx_word' id='word_1_216' title='bbox 1057 2781 1181 2853; x_wconf 90' lang='lat' dir='ltr'>morbo</span> <span class='ocrx_word' id='word_1_217' title='bbox 1202 2787 1332 2876; x_wconf 87' lang='lat' dir='ltr'>premi,</span> <span class='ocrx_word' id='word_1_218' title='bbox 1358 2787 1394 2860; x_wconf 89' lang='lat'>&amp;</span> <span class='ocrx_word' id='word_1_219' title='bbox 1412 2789 1569 2881; x_wconf 83' lang='lat' dir='ltr'>corporis</span> <span class='ocrx_word' id='word_1_220' title='bbox 1593 2787 1630 2862; x_wconf 79' lang='grc' dir='ltr'>δι</span> <span class='ocrx_word' id='word_1_221' title='bbox 1652 2809 1743 2860; x_wconf 81' lang='lat' dir='ltr'>mar·</span> <span class='ocrx_word' id='word_1_222' title='bbox 1884 2769 1885 2830; x_wconf 75' lang='grc' dir='ltr'>ἶ</span> 
     </span>
     <span class='ocr_line' id='line_1_25' title="bbox 546 2875 1744 2978; baseline 0.003 -25"><span class='ocrx_word' id='word_1_223' title='bbox 546 2881 656 2978; x_wconf 90' lang='lat' dir='ltr'>supii‚</span> <span class='ocrx_word' id='word_1_224' title='bbox 682 2879 720 2951; x_wconf 71' lang='grc' dir='ltr'><strong>ἃ</strong></span> <span class='ocrx_word' id='word_1_225' title='bbox 739 2901 855 2952; x_wconf 90' lang='lat' dir='ltr'>tamen</span> <span class='ocrx_word' id='word_1_226' title='bbox 870 2879 930 2952; x_wconf 86' lang='lat' dir='ltr'>hic</span> <span class='ocrx_word' id='word_1_227' title='bbox 950 2899 1024 2950; x_wconf 88' lang='lat' dir='ltr'>erat</span> <span class='ocrx_word' id='word_1_228' title='bbox 1046 2895 1141 2949; x_wconf 84' lang='lat' dir='ltr'>totus</span> <span class='ocrx_word' id='word_1_229' title='bbox 1164 2875 1323 2952; x_wconf 85' lang='lat' dir='ltr'>sericeus.</span> <span class='ocrx_word' id='word_1_230' title='bbox 1374 2881 1496 2955; x_wconf 85' lang='lat' dir='ltr'>Romae</span> <span class='ocrx_word' id='word_1_231' title='bbox 1522 2883 1744 2978; x_wconf 77' lang='lat' dir='ltr'>promulgata</span> 
     </span>
     <span class='ocr_line' id='line_1_26' title="bbox 546 2973 1743 3070; baseline -0.001 -19"><span class='ocrx_word' id='word_1_232' title='bbox 546 2978 596 3051; x_wconf 92' lang='lat' dir='ltr'>est</span> <span class='ocrx_word' id='word_1_233' title='bbox 621 2977 767 3048; x_wconf 91' lang='lat' dir='ltr'>monitio</span> <span class='ocrx_word' id='word_1_234' title='bbox 794 2993 916 3048; x_wconf 88' lang='lat' dir='ltr'>contra</span> <span class='ocrx_word' id='word_1_235' title='bbox 942 2973 1137 3066; x_wconf 78' lang='lat' dir='ltr'>Anglorum</span> <span class='ocrx_word' id='word_1_236' title='bbox 1173 2973 1337 3070; x_wconf 85' lang='lat' dir='ltr'>Regem:</span> <span class='ocrx_word' id='word_1_237' title='bbox 1370 2977 1407 3050; x_wconf 94' lang='lat' dir='ltr'>ni</span> <span class='ocrx_word' id='word_1_238' title='bbox 1429 2978 1618 3052; x_wconf 87' lang='lat' dir='ltr'>reducatu</span> <span class='ocrx_word' id='word_1_239' title='bbox 1645 3000 1743 3051; x_wconf 89' lang='lat' dir='ltr'>orem</span> 
     </span>
     <span class='ocr_line' id='line_1_27' title="bbox 546 3069 1744 3165; baseline 0.001 -19"><span class='ocrx_word' id='word_1_240' title='bbox 546 3091 625 3146; x_wconf 81' lang='lat' dir='ltr'>ante</span> <span class='ocrx_word' id='word_1_241' title='bbox 644 3070 815 3147; x_wconf 80' lang='lat' dir='ltr'>Calendaa</span> <span class='ocrx_word' id='word_1_242' title='bbox 835 3070 1036 3165; x_wconf 88' lang='lat' dir='ltr'>Septembr.</span> <span class='ocrx_word' id='word_1_243' title='bbox 1061 3069 1397 3148; x_wconf 81' lang='lat' dir='ltr'>excommunicatum</span> <span class='ocrx_word' id='word_1_244' title='bbox 1421 3095 1500 3146; x_wconf 88' lang='lat' dir='ltr'>eum</span> <span class='ocrx_word' id='word_1_245' title='bbox 1522 3073 1575 3148; x_wconf 93' lang='lat' dir='ltr'>iri.</span> <span class='ocrx_word' id='word_1_246' title='bbox 1623 3139 1630 3154; x_wconf 83' lang='lat'>.</span> <span class='ocrx_word' id='word_1_247' title='bbox 1685 3097 1744 3147; x_wconf 90' lang='lat' dir='ltr'>ro-</span> 
     </span>
    </p>
   </div>
   <div class='ocr_carea' id='block_1_4' title="bbox 1657 3192 1744 3280">
    <p class='ocr_par' dir='ltr' id='par_1_5' title="bbox 1657 3192 1744 3280">
     <span class='ocr_line' id='line_1_28' title="bbox 1657 3192 1744 3280; baseline 0.023 -39"><span class='ocrx_word' id='word_1_248' title='bbox 1657 3192 1744 3280; x_wconf 43' lang='lat' dir='ltr'>nez·</span> 
     </span>
    </p>
   </div>
   <div class='ocr_carea' id='block_1_5' title="bbox 538 3353 1749 4435">
    <p class='ocr_par' dir='ltr' id='par_1_6' title="bbox 538 3353 1749 4435">
     <span class='ocr_line' id='line_1_29' title="bbox 547 3353 1744 3442; baseline 0.001 -17"><span class='ocrx_word' id='word_1_249' title='bbox 547 3377 627 3426; x_wconf 90' lang='lat' dir='ltr'>eum</span> <span class='ocrx_word' id='word_1_250' title='bbox 648 3359 691 3425; x_wconf 91' lang='lat' dir='ltr'>de</span> <span class='ocrx_word' id='word_1_251' title='bbox 708 3353 969 3425; x_wconf 88' lang='lat' dir='ltr'>Lutheranismo</span> <span class='ocrx_word' id='word_1_252' title='bbox 990 3356 1179 3441; x_wconf 66' lang='lat' dir='ltr'>suspectum</span> <span class='ocrx_word' id='word_1_253' title='bbox 1203 3357 1299 3426; x_wconf 88' lang='lat' dir='ltr'>facit.</span> <span class='ocrx_word' id='word_1_254' title='bbox 1341 3356 1619 3442; x_wconf 77' lang='lat' dir='ltr'>Episcopatuma</span> <span class='ocrx_word' id='word_1_255' title='bbox 1639 3358 1672 3425; x_wconf 89' lang='lat' dir='ltr'>se</span> <span class='ocrx_word' id='word_1_256' title='bbox 1689 3359 1744 3426; x_wconf 92' lang='lat' dir='ltr'>di·</span> 
     </span>
     <span class='ocr_line' id='line_1_30' title="bbox 550 3441 1744 3525; baseline 0.001 -18"><span class='ocrx_word' id='word_1_257' title='bbox 550 3441 655 3518; x_wconf 88' lang='lat' dir='ltr'>mifit,</span> <span class='ocrx_word' id='word_1_258' title='bbox 679 3459 720 3507; x_wconf 88' lang='lat' dir='ltr'>ac</span> <span class='ocrx_word' id='word_1_259' title='bbox 735 3443 905 3525; x_wconf 81' lang='lat' dir='ltr'>privatam</span> <span class='ocrx_word' id='word_1_260' title='bbox 920 3441 1000 3507; x_wconf 87' lang='lat' dir='ltr'>dein</span> <span class='ocrx_word' id='word_1_261' title='bbox 1013 3443 1120 3506; x_wconf 89' lang='lat' dir='ltr'>vitam</span> <span class='ocrx_word' id='word_1_262' title='bbox 1136 3442 1225 3506; x_wconf 85' lang='lat' dir='ltr'>vixit</span> <span class='ocrx_word' id='word_1_263' title='bbox 1240 3442 1379 3524; x_wconf 83' lang='lat' dir='ltr'>Romae,</span> <span class='ocrx_word' id='word_1_264' title='bbox 1401 3441 1459 3506; x_wconf 91' lang='lat' dir='ltr'>ubi</span> <span class='ocrx_word' id='word_1_265' title='bbox 1472 3443 1558 3508; x_wconf 91' lang='lat' dir='ltr'>obiit</span> <span class='ocrx_word' id='word_1_266' title='bbox 1574 3447 1607 3510; x_wconf 85' lang='lat'>6.</span> <span class='ocrx_word' id='word_1_267' title='bbox 1621 3441 1744 3509; x_wconf 78' lang='lat' dir='ltr'>Martii</span> 
     </span>
     <span class='ocr_line' id='line_1_31' title="bbox 549 3523 1745 3626; baseline 0.001 -37"><span class='ocrx_word' id='word_1_268' title='bbox 549 3529 643 3605; x_wconf 84' lang='lat'>1558.</span> <span class='ocrx_word' id='word_1_269' title='bbox 662 3525 881 3626; x_wconf 68' lang='lat' dir='ltr'>octogenario</span> <span class='ocrx_word' id='word_1_270' title='bbox 909 3527 1043 3620; x_wconf 85' lang='lat' dir='ltr'>major,</span> <span class='ocrx_word' id='word_1_271' title='bbox 1070 3537 1110 3589; x_wconf 93' lang='lat' dir='ltr'>ut</span> <span class='ocrx_word' id='word_1_272' title='bbox 1134 3523 1182 3590; x_wconf 85' lang='lat' dir='ltr'>est</span> <span class='ocrx_word' id='word_1_273' title='bbox 1204 3526 1240 3590; x_wconf 90' lang='lat' dir='ltr'>in</span> <span class='ocrx_word' id='word_1_274' title='bbox 1269 3526 1341 3620; x_wconf 74' lang='lat' dir='ltr'>ejus</span> <span class='ocrx_word' id='word_1_275' title='bbox 1365 3524 1540 3622; x_wconf 79' lang='lat' dir='ltr'>epitaphio</span> <span class='ocrx_word' id='word_1_276' title='bbox 1565 3525 1659 3620; x_wconf 75' lang='lat' dir='ltr'>apud</span> <span class='ocrx_word' id='word_1_277' title='bbox 1675 3526 1745 3592; x_wconf 80' lang='lat' dir='ltr'>Ni·</span> 
     </span>
     <span class='ocr_line' id='line_1_32' title="bbox 547 3605 1743 3786; baseline 0.001 -29"><span class='ocrx_word' id='word_1_278' title='bbox 547 3605 1743 3786; x_wconf 52' lang='lat' dir='ltr'>issis&#39;sitff{⁵‚⁰n‘i{¹essiiiii‘saisisseiii¹³isa¹¹ii&#39;‘iiss</span> 
     </span>
     <span class='ocr_line' id='line_1_33' title="bbox 548 3772 1741 3858; baseline 0 -18"><span class='ocrx_word' id='word_1_279' title='bbox 548 3775 784 3858; x_wconf 81' lang='lat' dir='ltr'>episcopatum</span> <span class='ocrx_word' id='word_1_280' title='bbox 813 3786 971 3855; x_wconf 79' lang='lat' dir='ltr'>contigit.</span> <span class='ocrx_word' id='word_1_281' title='bbox 1023 3772 1138 3840; x_wconf 90' lang='lat' dir='ltr'>Habet</span> <span class='ocrx_word' id='word_1_282' title='bbox 1164 3791 1302 3856; x_wconf 88' lang='lat' dir='ltr'>quoque</span> <span class='ocrx_word' id='word_1_283' title='bbox 1332 3773 1496 3839; x_wconf 90' lang='lat' dir='ltr'>nonnulla</span> <span class='ocrx_word' id='word_1_284' title='bbox 1527 3773 1572 3840; x_wconf 90' lang='lat' dir='ltr'>de</span> <span class='ocrx_word' id='word_1_285' title='bbox 1602 3773 1741 3840; x_wconf 79' lang='lat' dir='ltr'>Gourico</span> 
     </span>
     <span class='ocr_line' id='line_1_34' title="bbox 549 3851 1486 3945; baseline 0.002 -24"><span class='ocrx_word' id='word_1_286' title='bbox 549 3864 676 3922; x_wconf 82' lang='lat' dir='ltr'>Mr&#39;raeas</span> <span class='ocrx_word' id='word_1_287' title='bbox 695 3864 727 3922; x_wconf 85' lang='lat' dir='ltr'>in</span> <span class='ocrx_word' id='word_1_288' title='bbox 739 3857 833 3945; x_wconf 79' lang='lat' dir='ltr'>scrip.</span> <span class='ocrx_word' id='word_1_289' title='bbox 852 3854 913 3941; x_wconf 82' lang='lat' dir='ltr'>sec.</span> <span class='ocrx_word' id='word_1_290' title='bbox 934 3851 1035 3922; x_wconf 88' lang='lat' dir='ltr'><strong><em>XVI.</em></strong></span> <span class='ocrx_word' id='word_1_291' title='bbox 1055 3872 1087 3938; x_wconf 86' lang='lat' dir='ltr'>p.</span> <span class='ocrx_word' id='word_1_292' title='bbox 1112 3871 1185 3942; x_wconf 86' lang='lat'>141.</span> <span class='ocrx_word' id='word_1_293' title='bbox 1206 3865 1238 3923; x_wconf 77' lang='lat' dir='ltr'>in</span> <span class='ocrx_word' id='word_1_294' title='bbox 1258 3857 1326 3923; x_wconf 77' lang='lat' dir='ltr'>edit.</span> <span class='ocrx_word' id='word_1_295' title='bbox 1347 3855 1486 3924; x_wconf 73' lang='lat' dir='ltr'>Fabricii.</span> 
     </span>
     <span class='ocr_line' id='line_1_35' title="bbox 548 3939 1749 4108; baseline 0.002 -20"><span class='ocrx_word' id='word_1_296' title='bbox 548 3939 927 4102; x_wconf 41' lang='lat' dir='ltr'>qusstsorcssaessandrim</span> <span class='ocrx_word' id='word_1_297' title='bbox 949 4039 969 4086; x_wconf 88' lang='lat' dir='ltr'>a</span> <span class='ocrx_word' id='word_1_298' title='bbox 990 4019 1235 4106; x_wconf 85' lang='lat' dir='ltr'>quoErasmus,</span> <span class='ocrx_word' id='word_1_299' title='bbox 1255 4022 1455 4108; x_wconf 79' lang='lat' dir='ltr'>suggerente</span> <span class='ocrx_word' id='word_1_300' title='bbox 1470 4019 1587 4105; x_wconf 61' lang='lat' dir='ltr'>lagno,</span> <span class='ocrx_word' id='word_1_301' title='bbox 1606 4025 1749 4106; x_wconf 87' lang='lat' dir='ltr'>pensio·</span> 
     </span>
     <span class='ocr_line' id='line_1_36' title="bbox 547 4104 1333 4189; baseline 0.006 -22"><span class='ocrx_word' id='word_1_302' title='bbox 547 4104 600 4171; x_wconf 83' lang='lat' dir='ltr'>nis</span> <span class='ocrx_word' id='word_1_303' title='bbox 616 4104 675 4172; x_wconf 83' lang='lat' dir='ltr'>fibi</span> <span class='ocrx_word' id='word_1_304' title='bbox 687 4107 882 4173; x_wconf 76' lang='lat' dir='ltr'>constitutae</span> <span class='ocrx_word' id='word_1_305' title='bbox 899 4104 1105 4173; x_wconf 87' lang='lat' dir='ltr'>solutionem</span> <span class='ocrx_word' id='word_1_306' title='bbox 1121 4105 1333 4189; x_wconf 77' lang='lat' dir='ltr'>expectabat.</span> 
     </span>
     <span class='ocr_line' id='line_1_37' title="bbox 608 4185 1391 4270; baseline 0.005 -18"><span class='ocrx_word' id='word_1_307' title='bbox 608 4188 652 4270; x_wconf 84' lang='lat'>4)</span> <span class='ocrx_word' id='word_1_308' title='bbox 674 4187 789 4254; x_wconf 75' lang='lat' dir='ltr'>Hieron</span> <span class='ocrx_word' id='word_1_309' title='bbox 894 4185 977 4256; x_wconf 79' lang='lat' dir='ltr'>Vrdo</span> <span class='ocrx_word' id='word_1_310' title='bbox 1021 4187 1066 4252; x_wconf 88' lang='lat' dir='ltr'>V.</span> <span class='ocrx_word' id='word_1_311' title='bbox 1088 4187 1132 4252; x_wconf 80' lang='lat' dir='ltr'>ad</span> <span class='ocrx_word' id='word_1_312' title='bbox 1153 4188 1247 4270; x_wconf 87' lang='lat' dir='ltr'>epist.</span> <span class='ocrx_word' id='word_1_313' title='bbox 1268 4188 1391 4256; x_wconf 87' lang='lat' dir='ltr'><strong>XLIV.</strong></span> 
     </span>
     <span class='ocr_line' id='line_1_38' title="bbox 538 4267 1747 4435; baseline 0.008 -101"><span class='ocrx_word' id='word_1_314' title='bbox 538 4269 850 4424; x_wconf 48' lang='lat' dir='ltr'>bacgiplgrpirpmpffr</span> <span class='ocrx_word' id='word_1_315' title='bbox 892 4270 1029 4421; x_wconf 60' lang='lat' dir='ltr'>DeD&#39;eg</span> <span class='ocrx_word' id='word_1_316' title='bbox 1049 4267 1133 4435; x_wconf 52' lang='grc' dir='ltr'>11151ιέἰῖ</span> <span class='ocrx_word' id='word_1_317' title='bbox 1141 4268 1213 4357; x_wconf 87' lang='lat' dir='ltr'>sup.</span> <span class='ocrx_word' id='word_1_318' title='bbox 1233 4270 1277 4339; x_wconf 90' lang='lat' dir='ltr'>ad</span> <span class='ocrx_word' id='word_1_319' title='bbox 1295 4271 1397 4357; x_wconf 88' lang='lat' dir='ltr'>Epist.</span> <span class='ocrx_word' id='word_1_320' title='bbox 1419 4273 1463 4342; x_wconf 87' lang='lat' dir='ltr'>ad</span> <span class='ocrx_word' id='word_1_321' title='bbox 1486 4271 1600 4342; x_wconf 84' lang='lat' dir='ltr'>Bonis.</span> <span class='ocrx_word' id='word_1_322' title='bbox 1616 4270 1747 4344; x_wconf 87' lang='lat' dir='ltr'>Amer-</span> 
     </span>
    </p>
   </div>
   <div class='ocr_carea' id='block_1_6' title="bbox 780 3937 1745 4021">
    <p class='ocr_par' dir='ltr' id='par_1_7' title="bbox 780 3937 1745 4021">
     <span class='ocr_line' id='line_1_39' title="bbox 780 3937 1745 4021; baseline 0.001 -15"><span class='ocrx_word' id='word_1_323' title='bbox 780 3946 842 4006; x_wconf 79' lang='lat' dir='ltr'>oris</span> <span class='ocrx_word' id='word_1_324' title='bbox 862 3937 969 4021; x_wconf 74' lang='lat' dir='ltr'>fissus]</span> <span class='ocrx_word' id='word_1_325' title='bbox 1005 3937 1199 4004; x_wconf 85' lang='lat' dir='ltr'>Florentius</span> <span class='ocrx_word' id='word_1_326' title='bbox 1237 3939 1510 4015; x_wconf 86' lang='lat' dir='ltr'>Grebouallius,</span> <span class='ocrx_word' id='word_1_327' title='bbox 1536 3937 1624 4004; x_wconf 87' lang='lat' dir='ltr'>filios</span> <span class='ocrx_word' id='word_1_328' title='bbox 1653 3939 1745 4007; x_wconf 79' lang='lat' dir='ltr'>Petri</span> 
     </span>
    </p>
   </div>
   <div class='ocr_carea' id='block_1_7' title="bbox 0 0 1988 5167">
    <p class='ocr_par' dir='ltr' id='par_1_8' title="bbox 0 0 1988 5167">
     <span class='ocr_line' id='line_1_40' title="bbox 0 0 1988 5167; baseline 0 1"><span class='ocrx_word' id='word_1_329' title='bbox 0 0 1988 5167; x_wconf 95' lang='lat' dir='ltr'> </span> 
     </span>
    </p>
   </div>
  </div>
 </body>
</html>
