3967 5167
312 556 513 653 EPIST.
543 552 847 650 SELECTAE
874 576 939 649 Ab
968 560 1300 666 DIVERSOS.
1335 581 1413 685 163

105 744 116 815 Γ
218 752 284 842 ui,
307 754 423 826 unicas
446 750 563 824 adhuc
583 752 702 825 literas
717 768 851 823 tanturn
869 754 1002 848 accepi.
1051 754 1134 830 Scio
1157 759 1285 855 quibus
1305 766 1412 839 confi-

105 858 107 945 ξ
219 851 280 923 tias
296 844 604 933 excusationibus,
626 846 696 918 *sed
722 868 789 941 ego
814 850 1083 943 peremptoriam
1111 855 1226 929 habeo
1250 860 1413 935 adversus

105 952 106 1017 ὲ
217 962 357 1017 wornnem
369 943 620 1037 exceptionem.
669 939 749 1033 Juisr
766 944 856 1013 enim
873 964 914 1013 ut
932 946 1101 1040 quicquid
1121 948 1194 1044 ipse
1211 958 1317 1027 veliet
1334 957 1415 1031 scri·

105 1096 106 1135 ᾗ
217 1042 323 1127 bere,
345 1044 405 1113 vei
427 1040 471 1112 ab
481 1040 558 1111 aliie
575 1036 639 1108 tibi
659 1036 952 1125 committeretur,
978 1040 1017 1115 id
1038 1047 1132 1137 patri
1158 1048 1410 1125 transmitteres.

105 1176 107 1203 r
218 1135 313 1225 Quae
332 1154 375 1209 tu
396 1134 485 1210 verb
509 1135 561 1205 iili
584 1129 747 1205 hasienuc
774 1131 949 1229 scripsisti,
974 1139 1093 1211 omnia
1114 1142 1200 1213 mihi
1221 1154 1414 1221 communi·

105 1240 106 1249 ‘
214 1253 292 1307 cata
317 1229 407 1303 sunt.
455 1229 506 1301 Et
528 1228 623 1323 quod
647 1250 756 1302 meam
780 1229 1029 1324 impatientiam
1054 1239 1196 1328 gravius
1215 1243 1414 1327 exulcerat,
1531 1250 1541 1261 “

214 1328 299 1402 inde
311 1326 488 1420 intelligo,
515 1324 649 1395 nulium
662 1324 723 1397 abt
739 1344 774 1394 te
787 1325 964 1410 libellum,
985 1348 1027 1401 ut
1036 1328 1331 1425 praescripseram,
1356 1362 1415 1410 an·

105 1420 106 1449 ³
213 1444 377 1498 notatum
387 1422 440 1492 ilii
458 1437 528 1492 ate
542 1416 676 1491 missum
693 1416 778 1492 eise:
799 1416 968 1493 transsatae
986 1424 1096 1499 abste
1110 1428 1260 1499 hittone
1276 1454 1320 1503 ne
1339 1452 1414 1504 tan·

105 1556 106 1561 ,
212 1522 330 1593 cilium
347 1516 489 1613 quidem
508 1511 676 1588 uauenua
699 1510 809 1587 visum
832 1514 907 1588 esse.
957 1514 1033 1609 Jam
1050 1522 1136 1613 quid
1152 1526 1190 1595 in
1209 1522 1293 1617 Jure
1306 1527 1416 1622 proii-
1494 1590 1498 1595 .

105 1656 106 1673 κ
212 1617 313 1701 cias,
339 1610 503 1709 quodque
524 1625 625 1681 tuum
648 1634 688 1681 ea
716 1610 753 1680 in
777 1632 815 1681 re
837 1607 879 1685 sit
900 1610 1092 1705 judicium,
1116 1619 1197 1691 inde
1223 1622 1306 1695 satia
1328 1646 1414 1696 con·

209 1710 329 1807 iasio,
353 1708 451 1805 quod
472 1724 507 1777 ue
525 1726 568 1777 ex
586 1704 726 1775 Hectoris
751 1702 770 1745 ”
793 1705 862 1779 mei
880 1706 1065 1802 congressu
1088 1716 1169 1808 plut
1190 1716 1293 1810 qubm
1316 1722 1411 1791 Arri·
1443 1732 1583 1800 *Hortat-

205 1810 297 1903 ,gorii
320 1804 358 1847 *⁸*
381 1800 588 1878 leciionibus
610 1796 727 1871 scribis
751 1798 947 1893 profecisse.
996 1804 1209 1902 Quanquam
1234 1815 1326 1884 enim
1343 1836 1410 1910 ego
1440 1823 1484 1875 ru.

105 1988 106 1993 η
200 1904 377 1993 §seriorem
403 1894 637 1978 virumsciam
657 1892 724 1967 effe
740 1893 985 1981 dotrisirnnn,
1002 1922 1150 1975 attamen
1167 1904 1258 1997 Juris
1277 1929 1409 1984 tantum
1439 1892 1572 1952 '‘¹³¹¹“

105 2002 109 2033 *
207 1999 263 2072 est
280 1994 484 2073 candidatus
506 1986 586 2066 crim
608 1990 696 2063 alter
711 1990 919 2085 grandaevus
943 1990 984 2067 fit
1009 1997 1212 2090 professor,
1236 2026 1256 2074 a
1278 2027 1349 2099 quo
1374 2009 1412 2081 δι
1438 1973 1583 2121 mm

105 2128 106 2143 2
209 2118 283 2189 ego
306 2092 435 2167 discere
452 2088 555 2161 etiam
573 2084 692 2161 velim.
742 2084 888 2179 Quanto
913 2090 960 2160 mi
985 2091 1044 2183 Jo.
1064 2096 1178 2191 Georgi
1196 2096 1283 2173 esset
1303 2104 1409 2173 hone·
1441 2132 1499 2183 rtur
1515 2143 1584 2199 pro-

105 2202 106 2211 ’
210 2188 321 2273 iiius,
346 2208 381 2260 te
403 2184 441 2259 id
465 2204 607 2277 operatu
623 2181 705 2256 dare
721 2204 794 2277 quo
814 2202 951 2277 patrem
964 2202 1020 2259 tot
1037 2194 1185 2284 negotiis
1209 2216 1411 2286 gravatum,
1440 2200 1585 2277 sefforpr,

210 2289 282 2359 tuis
311 2284 420 2357 literis
445 2298 707 2374 nonnumquam
730 2280 958 2369 exhilararet,
984 2279 1172 2357 studiorum
1190 2308 1334 2362 tuorum
1349 2316 1412 2386 gu.
1441 2285 1564 2339 nemus.

204 2380 297 2455 ‘stum
315 2380 366 2453 iili
387 2376 506 2463 dares,
530 2378 616 2448 vitat
628 2372 759 2445 suturae
775 2371 916 2447 consilia
937 2382 1234 2471 communicares,
1259 2406 1301 2457 ac
1316 2408 1351 2458 te
1375 2389 1411 2460 in
1674 2381 1703 2421 ’·

105 2536 106 2541 ,
208 2476 374 2551 omnibus
395 2470 642 2564 obsequentem
664 2468 854 2562 praeberes.
904 2470 954 2543 At
970 2493 1063 2545 nunc
1085 2474 1205 2551 infima
1223 2497 1355 2553 tantum
1371 2485 1411 2556 li·

207 2568 401 2665 teruiarum
416 2584 552 2639 tuarum
562 2560 766 2656 subscriptio
783 2561 903 2637 falsum
920 2565 1092 2660 quendam
1104 2570 1409 2671 habetobsequen-

201 2700 204 2711 2
225 2670 272 2740 'ae
290 2666 450 2751 titulum,
474 2657 554 2745 crim
572 2680 693 2731 revera
707 2658 794 2730 nihii
815 2656 856 2729 fit
875 2684 957 2755 erga
978 2683 1112 2757 patrem
1132 2688 1166 2738 te
1182 2668 1409 2768 inobsequen-

198 2689 293 2837 ἕπε.
343 2756 455 2855 Quod
473 2754 498 2827 sr
515 2776 581 2850 ego
599 2750 730 2848 aliquid
749 2755 800 2827 tui
815 2758 945 2853 eulogii
962 2780 1097 2853 apatre
1118 2762 1314 2861 intelligere
1331 2769 1410 2864 pos-

203 2858 301 2947 sem,
326 2856 400 2951 ipse
425 2869 565 2949 paratus
589 2847 690 2925 essem
712 2851 796 2923 meis
815 2872 851 2923 te
870 2876 995 2926 ornare
1021 2859 1198 2952 epistolis,
1223 2884 1332 2937 acea
1361 2868 1406 2938 ad

207 2976 244 3031 te
262 2953 414 3027 scribere
430 2968 512 3046 quae
529 2950 574 3020 tu‘
590 2944 666 3039 aliis
688 2942 800 3039 possea
816 2949 918 3023 etiam
935 2972 1014 3023 cum
1035 2951 1215 3047 voiuptate
1235 2959 1403 3053 quadam,

210 3050 248 3127 δι
268 3072 343 3123 non
368 3044 438 3119 stne
465 3064 527 3115 tuo
556 3040 690 3117 honore
717 3041 865 3136 legenda
893 3050 1170 3138 communicare,
1193 3074 1287 3127 nuuc
1309 3054 1404 3149 quast

206 3149 307 3221 incus
326 3144 370 3218 ad
389 3141 594 3235 strepitum,
619 3136 665 3213 src
686 3154 763 3211 tute
786 3140 872 3213 mihi
896 3142 941 3213 ad
964 3146 1121 3218 convitia
1147 3151 1263 3222 omnia
1287 3152 1402 3223 nostra

205 3238 416 3338 compositus
439 3234 507 3309 effe
522 3235 663 3309 videris.
709 3233 832 3328 Quem
850 3258 936 3309 vero
961 3240 1100 3312 taudem
1124 3264 1239 3314 rerum
1267 3264 1404 3319 mamm
1467 3247 1481 3255 '

105 3392 106 3395 ,
206 3340 314 3413 finem
333 3336 396 3409 tibi
418 3329 603 3427 praefigiai
625 3328 713 3417 Quo
730 3350 764 3401 re
787 3330 945 3405 conseres
963 3336 1104 3428 quando
1126 3340 1234 3428 patris
1300 3343 1411 3415 atiam‘

203 3434 331 3533 sponte
354 3428 531 3523 deponis',
565 3441 668 3537 atque
695 3423 783 3497 adeo
805 3427 964 3499 excutit?
980 3425 1099 3515 ¹Quid
1123 3431 1168 3503 de
1192 3450 1227 3504 te
1287 3440 1403 3507 turum

203 3524 413 3605 existimat?
438 3522 543 3617 Quin
565 3520 698 3612 tu,'’mi
722 3521 854 3615 Georgi,
879 3522 995 3597 adhuc
1011 3523 1056 3596 ad
1078 3542 1116 3598 te
1133 3548 1236 3623 atque
1251 3531 1287 3601 in
1307 3531 1399 3602 viam

205 3628 306 3711 redi,
330 3640 408 3715 quae
423 3619 459 3689 in
477 3618 594 3689 studiis
612 3636 702 3687 ame
718 3616 919 3713 praescripta
937 3616 1015 3690 sunt
1031 3619 1182 3713 persice,
1200 3648 1398 3717 eorumque

205 3723 300 3823 patri
325 3718 535 3790 documenta
559 3710 645 3796 ede,
669 3712 821 3803 paternis
842 3714 930 3787 verb
956 3716 1170 3811 aiiorumque
1187 3720 1300 3793 literis
1316 3722 1397 3791 dili·
1443 3720 1450 3733 ’

229 3838 329 3896 enter
352 3808 390 3883 bt
416 3823 549 3879 mature
571 3803 756 3879 rescribere
778 3829 879 3880 cura:
900 3811 954 3881 ita
974 3831 1010 3884 te
1034 3814 1221 3886 amabimus
1241 3838 1283 3887 ac
1301 3818 1397 3888 omni

204 3846 319 3989 fludio
338 3903 440 4004 prose
490 3920 595 3977 emur.
638 3896 708 3971 ‘Sin
728 3900 862 3973 sensero
877 3925 921 3976 ne
939 3905 1007 3979 hac
1023 3910 1165 4002 quidem
1190 3910 1334 4005 epistola
1346 3911 1395 3984 sa·

202 4016 247 4087 tis
274 4010 346 4085 acri
370 3924 556 4169 quiffiaam
580 4014 614 4067 te
637 4000 874 4085 commoveri,
901 4000 1034 4093 jubebo
1058 4022 1093 4074 te
1118 4003 1220 4079 semel
1250 4008 1393 4102 longum

202 4110 331 4188 valere.
385 4100 455 4193 Ep'
489 4097 580 4170 olam
603 4114 623 4165 a
644 4112 680 4165 te
694 4091 839 4164 ¹unicam
864 4096 1054 4177 duntaxat,
1086 4100 1268 4197 postquam
1295 4103 1395 4180 italia

105 4216 106 4277 f
204 4198 357 4284 exerui„
371 4193 502 4289 accepi.
555 4188 613 4262 De
632 4187 731 4262 libris
756 4189 842 4261 meis
868 4193 954 4284 quid
976 4190 1054 4266 fieri
1069 4199 1195 4270 vellem
1212 4198 1256 4271 sae
1282 4224 1391 4274 emo·
1436 4219 1442 4225 ·

205 4300 279 4373 nui.
323 4294 462 4368 anirus
497 4283 614 4360 noster
649 4283 899 4377 conqueritur3
932 4285 996 4361 fibi
1025 4309 1092 4384 pro
1128 4318 1233 4369 aureo
1256 4222 1392 4371 floreno

105 4464 106 4467 a
157 4380 541 4494 maronag'inm'ttutum
567 4380 733 4463 solidulos
759 4378 915 4550 vinetus
936 4380 1088 4473 solutos,
1107 4412 1153 4467 ea
1170 4396 1303 4477 ratione
1323 4410 1394 4459 ma·

105 4508 112 4541 ··
845 4499 867 4552 a
945 4500 947 4506 ’
1285 4500 1396 4578 guam
