3967 5167
225 485 234 496 ’
326 535 523 631 emsa..
546 519 854 631 seuuemo
880 560 950 628 n>
977 533 1308 638 diversos.
1376 573 1427 661 71

232 760 391 826 currunt,
412 732 700 813 Venetias'esiem
717 733 922 834 profestos„
938 729 1106 833 susurrare
1126 741 1199 815 illic
1219 727 1432 822 Ciceronianus¹

234 835 345 910 nescio
356 838 441 933 quid
458 839 502 909 de
514 835 606 928 Jum
624 835 778 929 quodam
797 834 925 905 Condit
941 833 1187 909 subodorabar.
1238 833 1280 910 Id
1298 838 1429 936 myste-

232 934 318 1005 rium
343 930 464 1027 postea
488 931 629 1028 quidam
652 933 792 1002 amicus
822 931 908 1003 mihi
933 933 1131 1006 revelavit:
1165 933 1265 1006 ilium
1295 933 1428 1012 scilicet

231 1026 395 1122 scripsisse
415 1028 629 1126 Apologiam
647 1025 809 1122 adversus
830 1029 1068 1118 Ciceronianam
1086 1047 1210 1116 tuum,
1235 1054 1338 1127 quam
1353 1035 1428 1130 ple·

231 1126 328 1218 rique
351 1150 372 1197 a
395 1121 429 1196 se
457 1121 586 1197 retiam
612 1123 698 1193 mihi
723 1120 945 1196 affirmarunt.
998 1121 1071 1196 Sed
1099 1145 1171 1222 ego
1188 1127 1345 1200 nondum
1363 1152 1428 1224 po·

230 1223 303 1306 rui,
328 1219 462 1331 tametsi
478 1219 597 1291 sedulo
617 1219 784 1329 annixus,
809 1238 878 1290 tarn
903 1221 1075 1329 praeclaro
1099 1222 1220 1295 libello
1234 1225 1367 1318 potiri,
1391 1227 1429 1297 in

229 1320 381 1486 iiiii
404 1312 1429 1512 iiiiiiiithqiiihiiiiiiinihhiiss,,⁸5

227 1506 454 1584 construxisse
479 1508 604 1602 ajunt,
629 1506 666 1577 in
691 1507 786 1600 quod
811 1508 870 1600 qui
894 1504 1081 1600 speciatum
1107 1511 1329 1597 admittatur,
1354 1535 1427 1585 nou

225 1608 340 1680 minus
365 1603 488 1677 diserte
513 1602 722 1695 d'equaiib'et
738 1626 798 1687 re,
824 1625 925 1698 quam
942 1601 1130 1696 ipse·Cicero
1149 1607 1264 1680 dicere
1280 1610 1425 1702 poterit.

226 1699 309 1796 Ego
345 1700 497 1772 fabulam
535 1700 639 1772 initio
671 1694 739 1770 ess'e
772 1697 923 1780 credidi,
956 1699 1070 1772 donec
1098 1697 1192 1775 forte
1227 1703 1320 1775 inter
1353 1707 1425 1785 col-

226 1798 440 1894 loquendam
462 1819 505 1869 ex
527 1793 674 1890 Baprilia
692 1797 834 1888 Egnatio
859 1817 934 1867 rem
954 1818 1065 1868 totam
1084 1800 1239 1896 apertius
1255 1799 1425 1898 intellige·

90 1916 92 1923 ·
225 1917 308 1968 rem.
361 1893 506 1966 Dicitur
526 1899 618 1964 enim
637 1887 861 1966 Architettus
887 1891 963 1977 iile,
988 1891 1025 1963 in
1045 1915 1162 1968 certos
1179 1893 1344 1990 quosdam
1371 1901 1423 1970 lo·

227 2013 310 2076 eor,
336 1990 419 2086 quid
447 1991 507 2062 uid
527 1989 572 2060 de
590 2009 731 2083 quaque
757 2009 796 2059 re
826 1987 921 2082 apud
945 1991 1124 2062 Ciceronem
1151 1993 1346 2087 reperitur,
1372 2015 1424 2064 re-

226 2085 367 2180 degisse.
418 2013 549 2162 &mnia
565 2105 708 2180 quoque
721 2081 917 2168 vocabula,
942 2085 1069 2178 quihus
1094 2088 1151 2159 ille
1165 2085 1208 2159 dt
1229 2089 1365 2182 quoties
1385 2113 1424 2161 u·

225 2203 349 2264 tatur,
384 2177 577 2275 &inquo
606 2175 703 2253 sensu
732 2177 856 2252 sedulo
878 2177 1132 2274 conquifiviffe.
1183 2183 1279 2256 Tum
1307 2207 1425 2259 certos

224 2275 392 2372 quosdam
408 2276 550 2366 ordiner
566 2272 761 2370 mariusque
779 2272 968 2369 figurarum
988 2275 1209 2372 disposuisse,
1235 2301 1340 2375 atque
1355 2283 1422 2354 alia

223 2377 354 2459 muita,
372 2373 545 2472 stupendo
559 2369 712 2466 quodam
726 2370 849 2444 labore
863 2395 905 2446 ac
921 2370 1046 2444 divino
1069 2376 1221 2470 quodam
1243 2375 1423 2458 acumine,

223 2473 310 2544 nulli
322 2490 424 2544 antea
437 2473 475 2542 in
492 2465 1105 2554 Ciceronianimadversamnnotaiie.
1130 2467 1423 2570 Descripsdieque

222 2565 301 2641 haec
322 2568 442 2640 omnia
457 2565 557 2637 illum
582 2567 680 2656 ajunt
702 2566 740 2633 in
768 2563 899 2635 charris
926 2561 1156 2658 quibusdam,
1181 2587 1262 2662 quae
1283 2567 1421 2638 involvi

221 2683 333 2757 atque
362 2661 531 2755 explicari
548 2657 683 2754 possint.
733 2655 830 2749 Quae
848 2657 895 2730 ad
913 2659 1176 2754 Amphitheatri
1196 2662 1350 2754 parietes
1367 2662 1420 2753 su:

219 2755 356 2854 spensae
365 2754 546 2830 confestim
557 2754 595 2828 id
604 2751 708 2863 quod·
716 2751 1126 2850 queritur,suppeditare
1142 2759 1290 2830 valeant.
1318 2757 1419 2852 Quid

91 2914 92 2919 ,
220 2857 325 2950 plura
345 2855 488 2927 dicam?
513 2848 647 2924 Omnia
661 2851 712 2924 ilh
726 2871 807 2923 cum
822 2847 980 2944 Nosopmo
990 2874 1054 2925 tuo
1069 2853 1295 2927 conveniunt.
1322 2853 1417 2928 Tam

218 2953 381 3061 praeclari
405 2969 520 3023 autem
539 2948 673 3022 inventi
691 2945 784 3018 haud
799 2966 927 3019 temere
951 2949 1114 3045 cuiquam
1130 2945 1340 3044 inspiciendi
1356 2975 1417 3025 co·

91 3034 93 3055 ¹
219 3068 315 3142 pram
337 3045 433 3120 fecit.
483 3043 525 3116 l'd
547 3044 638 3117 enim
660 3041 876 3116 Francorum
904 3041 997 3140 Regi
1026 3041 1196 3132 destinat,
1221 3048 1280 3119 cui
1304 3069 1416 3144 nuper

220 3145 256 3218 in
278 3139 399 3216 Gallia
413 3140 552 3235 gustum
566 3139 744 3233 praebuit,
766 3137 916 3212 donatus
934 3141 1133 3236 quingentis
1150 3141 1194 3214 ab
1216 3141 1339 3214 eodem
1356 3168 1416 3216 au-

216 3241 316 3350 reia,
341 3261 383 3311 ut
408 3234 602 3349 absolveret
628 3255 734 3404 atpue
751 3235 803 3307 iili
827 3257 1057 3350 nuncuparet.
1106 3234 1230 3330 Itaque
1253 3239 1415 3352 Daedairr

215 3336 280 3410 iiie
304 3355 495 3428 egregius,
524 3349 620 3404 totus
644 3356 664 3404 e
721 3350 758 3401 in
782 3333 882 3425 huius
907 3353 1024 3441 operis
1048 3353 1229 3426 apparatu.
1278 3332 1417 3410 Audrvr

92 3498 93 3501 ,
218 3432 551 3510 &hucvenmrumr
563 3449 644 3500 nam
659 3447 754 3499 nunc
769 3427 841 3522 agit
855 3425 1031 3509 Veneriis,
1044 3427 1141 3522 quod
1157 3423 1276 3515 iifiet,
1297 3427 1413 3502 obser-

216 3528 314 3601 vabo
339 3527 513 3597 hominem
541 3521 810 3618 diligentiffime,
839 3545 910 3619 quo
936 3525 1121 3618 experiar,
1147 3545 1190 3596 an
1210 3545 1265 3597 me
1287 3525 1414 3602 theatri

217 3617 314 3697 illi'us
339 3620 589 3714 contemplatio
618 3623 831 3693 Ciceronianis
857 3620 1084 3694 reconciliare
1112 3639 1228 3714 queat.
1277 3618 1314 3694 Si
1363 3645 1411 3694 uo

218 3738 310 3794 vero
331 3717 472 3790 numine
489 3711 624 3788 afflatus
647 3713 770 3800 fuero,
793 3717 833 3790 δι
853 3715 878 3787 h
902 3717 988 3810 quid
1008 3716 1236 3806 intellexero,
1261 3645 1362 3811 quod
1375 3737 1412 3791 te

216 3816 306 3889 seire
321 3812 477 3909 putabo,
499 3811 551 3882 nil
567 3811 728 3904 equidem
747 3810 920 3885 lubentius
937 3814 982 3885 ad
1003 3809 1212 3888 rescribam.
1238 3809 1412 3886 Dummo-

216 3914 264 3987 do
288 3933 402 3986 tamen
423 3908 562 3981 veniam
585 3907 776 3991 concedas,
802 3910 898 4001 quod
919 3910 962 3981 ad
985 3928 1021 3981 te
1045 3905 1246 4004 hujusmodi
1263 3907 1408 4005 ineptiis

215 4029 284 4082 tam
300 4007 419 4082 muita.
469 3999 583 4094 Quod
599 4012 714 4075 aurem
734 4002 952 4097 Perri‘Bembi
969 4001 1011 4096 stt
1029 4003 1073 4076 de
1092 4004 1293 4100 hujusmodi
1307 4007 1413 4083 rebus

95 4134 96 4195 i
211 4105 402 4202 judicium,
416 4124 487 4175 non
504 4096 585 4194 satis
600 4097 689 4172 scire
705 4094 852 4194 poss'um.
862 4097 919 4169 Ab
936 4099 1143 4172 Uarronianis
1153 4122 1239 4174 vero
1249 4103 1412 4178 omnibus

214 4198 375 4298 inprimis
398 4191 547 4288 colitur,
570 4193 716 4308 ipseque
745 4197 901 4307 longosio.
918 4193 997 4292 (6)
1023 4192 1167 4272 curiosae
1186 4198 1277 4274 iilius
1305 4221 1412 4371 {mu-

232 4335 236 4342 ·
637 4316 641 4322 ·
838 4349 841 4353 >
1346 4317 1412 4371 tro·

260 4421 326 4511 (⁶)
348 4419 512 4507 hvidii]
536 4408 799 4503 christophoro.
820 4401 892 4489 Hic
908 4429 952 4487 an
971 4399 1184 4562 Braba'ntu's,
1205 4435 1250 4492 an
1264 4417 1416 4580 11οὲἓῖ
