3967 5167
362 502 562 599 aaran·
588 494 896 640 sonneras
921 518 988 587 rs
1014 455 1349 601 olvaasos.
1415 533 1472 625 4,

267 681 537 777 demandetur,
562 710 606 762 an
629 707 775 761 uxorem
802 684 875 757 illic
894 680 1046 755 oblatam
1071 680 1198 756 debeas
1226 686 1409 781 accipere,
1435 692 1473 763 id

269 780 337 864 est,
350 805 392 853 an
406 804 474 880 pro
495 786 595 861 brevi
608 785 731 857 laetitia
744 778 986 875 sempiternam
997 776 1472 875 servitutem,ignominiam‚

265 878 404 966 nutris,
429 882 592 955 avunculi
598 930 610 967 ,
635 877 989 974 propinquorumque
1021 874 1203 961 omniurn,
1236 879 1471 954 immedicabi-

262 975 400 1067 lemque
420 973 577 1051 dolorem
600 974 665 1051 tibi
689 974 814 1070 sponte
836 968 1026 1076 accersas..
1052 970 1176 1043 Alium
1192 994 1328 1065 quaere,
1352 975 1381 1047 li
1403 978 1470 1049 tibi

262 1067 381 1143 adhuc
402 1070 602 1167 adlubescat
624 1070 687 1143 ista
711 1068 858 1153 insania,
885 1070 946 1161 qui
964 1065 1029 1140 tibr
1056 1070 1131 1161 ejus
1150 1063 1191 1137 stt
1216 1070 1353 1145 author.
1404 1075 1468 1146 Vi·

263 1165 346 1257 glires
375 1183 556 1263 nonquam
578 1166 763 1252 suadebit,
788 1188 853 1238 nec
878 1162 1091 1248 committet,
1115 1180 1154 1232 ut
1178 1184 1243 1236 tuo
1267 1166 1304 1237 in
1320 1168 1468 1261 praesen·

263 1261 314 1333 tia
331 1256 475 1338 affectui
500 1262 715 1359 obsequens,
737 1262 775 1335 in
797 1252 974 1355 posterum
1001 1278 1073 1331 oon
1096 1250 1166 1331 line
1187 1260 1272 1331 diris
1299 1264 1467 1430 impreca-

264 1356 421 1437 tionibus
440 1361 507 1433 tale
530 1358 711 1435 confilium
727 1362 761 1433 ei
777 1356 976 1451 exprobres.
1003 1352 1104 1443 Quin
1122 1375 1161 1427 tu
1173 1360 1312 1448 potius,
1352 1362 1469 1433 rbene

262 1450 329 1523 tibi
348 1452 541 1529 consultum
564 1457 685 1549 cupis,
710 1455 781 1529 buc
800 1452 845 1525 ad
862 1472 928 1526 nos
949 1448 1093 1534 festina,
1117 1471 1225 1546 atque
1249 1454 1286 1535 in
1309 1476 1469 1532 veterum

263 1536 300 1625 t'e
318 1549 508 1623 amicorum
522 1553 698 1647 gremium,
710 1551 850 1643 recipe,
865 1572 939 1645 quo
952 1544 1056 1628 istum
1073 1570 1226 1620 amorem
1239 1550 1355 1636 animo
1372 1574 1467 1634 amo·

261 1663 346 1715 veas
366 1666 441 1717 tuo.
466 1646 525 1719 An
543 1669 615 1718 non
631 1666 670 1719 tu
687 1644 818 1720 dudum
837 1644 935 1742 spem
951 1642 1054 1717 nobis
1072 1645 1244 1717 adventus
1263 1646 1315 1718 toi
1327 1644 1466 1725 fecistis

264 1738 341 1813 Cur
354 1762 439 1835 ergo
459 1756 524 1815 nos
551 1743 669 1817 ludis?
696 1740 753 1815 An
778 1763 882 1839 putas
905 1741 965 1815 hic
995 1737 1203 1815 tibidefore
1226 1740 1333 1837 digna
1349 1745 1468 1819 erudi·

262 1836 358 1908 tione
374 1854 435 1911 tua
457 1837 633 1937 praemia‘?
670 1839 928 1935 Annunquam
949 1837 1107 1931 cogitas,
1132 1834 1237 1931 quam
1254 1836 1327 1941 tibi
1345 1838 1465 1915 fideles

261 1926 365 2005 fimus
375 1982 389 2019 ‚
400 1934 438 2009 δι
451 1934 556 2031 quarn
571 1935 721 2031 benigne
734 1935 850 2010 omnia
868 1931 985 2007 nostra
1000 1932 1255 2007 communicare
1266 1930 1466 2011 soleamus?
1494 1940 1498 1945 ’
1544 2007 1546 2010 ,

263 2024 352 2101 Hoc
365 2030 431 2103 tibi
448 2032 529 2105 dico
538 2056 550 2115 3
566 2029 592 2103 sr
606 2034 644 2105 iu
657 2052 728 2107 tem
779 2054 816 2103 re
831 2028 1042 2127 advenisses,
1068 2026 1218 2127 pulchrd
1234 2051 1299 2105 nos
1314 2032 1464 2128 pondu

264 2122 393 2196 honori
417 2146 498 2212 tuo,
524 2150 595 2201 non
629 2126 701 2201 fine
748 2129 913 2203 ocolento
938 2126 1066 2216 lucro,
1091 2125 1280 2202 consulere.
1329 2126 1465 2204 Omnes

262 2235 377 2292 autem
395 2244 439 2295 ex
454 2224 568 2299 nostra
583 2226 723 2299 natione
744 2244 779 2297 te
808 2219 1064 2319 expediebant,
1088 2244 1192 2319 teque
1211 2223 1374 2301 omnibus
1390 2226 1465 2300 offl·
1524 2267 1527 2272 ·

262 2315 327 2387 ciis
346 2321 520 2393 cumulare
542 2324 780 2395 decreverant.
829 2318 899 2395 Sed
923 2320 1008 2393 duni
1037 2318 1109 2393 illic
1129 2324 1341 2395 amores'alis
1360 2342 1463 2409 tuos,
1551 2384 1588 2429 ·.
1702 2368 1706 2376 =

263 2410 300 2484 ἂ
318 2432 382 2486 nos
403 2416 439 2487 in
454 2416 614 2511 perfidiae
627 2414 854 2511 suspicionem
873 2414 1037 2501 deducis,
1062 2413 1183 2507 quide
1201 2434 1236 2489 te
1251 2420 1360 2489 multa
1403 2440 1463 2490 rae·

234 2507 444 2598 dicantes,
469 2508 637 2605 speroque
658 2512 828 2584 adventus
851 2511 902 2582 tui
926 2508 1126 2593 facientes,
1149 2508 1259 2582 lufiffe
1284 2514 1342 2585 vel
1368 2442 1466 2587 ἔξω·

262 2598 337 2675 lille
351 2604 430 2679 illus
448 2607 615 2679 videmur.
666 2606 794 2679 Adhuc
811 2626 925 2677 autern
950 2600 975 2675 fi
997 2604 1153 2691 veneris,
1174 2607 1290 2701 aliqua
1312 2604 1390 2703 spes
1410 2608 1464 2683 su-

261 2696 391 2793 perest.
444 2700 596 2775 Hetdcur
622 2704 714 2775 enim
739 2702 872 2787 noster,
897 2698 996 2797 cujus
1019 2722 1102 2795 erga
1118 2720 1154 2773 te
1178 2700 1326 2775 studium
1345 2705 1382 2778 δι
1400 2730 1464 2779 vo·

261 2797 432 2867 luntatem
448 2820 519 2870 non
538 2800 693 2893 ignoras,
720 2794 940 2871 Confiliarius
957 2796 1006 2868 est
1023 2796 1221 2869 abitatione
1237 2796 1352 2873 nostra
1370 2824 1464 2877 crea·

262 2910 340 2976 tus,
365 2889 460 2988 isque
488 2898 634 2967 multum
662 2894 725 2968 tibi
750 2890 909 2990 prodesse
936 2891 1072 2987 potest,
1098 2890 1123 2964 sr
1146 2892 1288 2988 publicd
1303 2897 1463 2991 profiteri

202 3066 204 3071 ,
237 3022 242 3031 ·
263 2986 380 3070 lubet,
392 2986 541 3082 clamque
559 2992 603 3065 de
618 3012 661 3065 eo
680 3012 759 3063 cum
772 2993 832 3065 illo
845 2988 919 3062 sum
939 2991 1160 3077 collocutus,
1184 2986 1270 3064 fecit
1288 2995 1372 3067 mihi
1388 2997 1463 3090 ple·

265 3082 426 3155 nilsrnram
440 3084 543 3159 fidem
553 3137 564 3177 ,
574 3087 680 3159 modo
696 3086 897 3173 adveneris,
909 3106 1051 3159 centum
1067 3084 1101 3157 se
1111 3107 1297 3160 coronatos
1309 3088 1383 3189 (5).
1399 3091 1465 3163 tibi

265 3180 549 3273 impetraturum,
580 3184 706 3277 idque,
738 3181 798 3255 nist
822 3180 999 3266 effecerit,
1022 3176 1216 3254 soluturum
1238 3181 1274 3257 se
1299 3184 1462 3270 affirmat,

266 3274 336 3348 hoc
358 3274 394 3348 δι
412 3300 456 3349 ex
481 3276 584 3375 iplros
612 3280 758 3375 epistola
784 3275 982 3371 cognosces.
1033 3274 1202 3350 Privatim
1226 3279 1355 3359 verosi
1379 3303 1463 3375 ope·

262 3392 336 3443 rarn
360 3374 508 3468 aliquam
537 3377 739 3469 impendere
761 3376 879 3446 amicis
898 3370 1134 3463 ‘studiofisque
1163 3374 1273 3456 velis,
1304 3396 1376 3448 non
1404 3379 1463 3449 de-

266 3485 370 3537 erunt
393 3468 490 3541 alteri
514 3492 662 3543 centurn.
714 3468 952 3564 Quamobrem
978 3464 1116 3561 quaes0,
1140 3468 1338 3556 misorole,:
1353 3472 1463 3567 abjice

266 3561 416 3636 animum
432 3567 613 3660 anuptiis,
638 3587 742 3661 atque
764 3569 834 3640 huc
857 3587 893 3639 te
914 3586 1018 3659 quarn
1039 3561 1190 3636 citissime
1210 3564 1342 3641 confer.
1374 3569 1463 3645 Hoc

262 3656 391 3729 iterum
413 3676 514 3751 atque
537 3662 662 3734 iterum
686 3685 804 3757 rogo,
841 3660 980 3733 sr‘tuam
1006 3658 1173 3745 salutem,
1205 3658 1359 3744 lamam,
1385 3662 1461 3741 stre

239 3748 241 3754 ’
262 3750 396 3847 ipsum,
424 3752 446 3823 st
468 3754 602 3847 Vrglium
621 3762 728 3837 amas,
757 3758 901 3850 Rupilius
914 3754 1027 3829 noster
1046 3755 1094 3829 est
1104 3752 1284 3845 Veneriis,
1298 3760 1399 3832 brevi
1416 3763 1461 3854 ad
1548 3810 1551 3822 ,

264 3872 329 3947 nos
352 3852 534 3921 rediturus.
583 3851 641 3923 Ab
658 3850 787 3945 Erasrrro
803 3856 904 3925 nonis
918 3852 1021 3945 hujus
1043 3846 1164 3924 menlls
1181 3856 1303 3949 accepi
1321 3856 1460 3944 literas,

266 3945 296 4018 it
315 3943 484 4042 fignificat
498 3944 533 4020 se
551 3947 707 4051 nondum
722 3946 874 4025 habuffe
892 3946 1097 4020 tabularium
1119 3968 1161 4018 ut
1177 3948 1224 4021 ad
1237 3969 1274 4021 te
1299 3948 1465 4031 rescribe.

1385 4072 1482 4143 mit.

303 4214 368 4301 (5)
390 4218 519 4285 Centum
539 4218 711 4303 coronator]
733 4217 826 4285 Alibi
845 4214 985 4291 scribit,
1005 4214 1160 4283 Venetos
1180 4216 1215 4283 in
1232 4218 1457 4303 profelsorum
1548 4294 1552 4302 ,

257 4296 502 4369 Patavinorum
522 4302 730 4382 honoraria,
751 4302 830 4372 osio
849 4301 1058 4369 ducatorum
1079 4302 1174 4373 milia
1190 4304 1339 4389 erogasse
1357 4321 1457 4387 qrrot·

238 4384 366 4451 annis.
398 4384 488 4457 asom.
511 4406 542 4457 a.
560 4392 667 4474 psi.
832 4414 834 4421 ’
898 4467 976 4542 Ἡ
