3967 5167
1147 146 1164 148 ..
1194 144 1776 153 -...-,,-.-.-.-.--.-.-,-.---,...-....-.-.-..----
1799 146 1818 148 -
1833 144 1881 151 --

349 528 540 630 uursu
569 446 884 625 sutuoun'
903 546 969 619 n>
997 485 1333 633 otvunsos.
1366 534 1447 651 1⁶,

396 722 710 895 rutrum
735 716 1444 915 recurrerentur

107 967 109 976 ·
174 889 198 929 ⁸
240 820 594 1011 leidqilaolamictiueriri
618 841 909 1009 sontiiinleiirque
936 870 1099 987 omnibus
1122 844 1214 1009 seni
1241 842 1440 991 Amtiiemiir

105 1015 108 1071 Γ
238 1012 418 1107 religionis
450 1011 620 1086 diffidium
643 1012 777 1086 intulit:
802 1010 899 1113 quod
917 1010 992 1083 illic
1046 1009 1172 1083 dmum
1199 1032 1379 1102 exortum,
1402 1017 1440 1089 in·

237 1106 491 1183 Germanicam
515 1112 691 1183 nationem
719 1108 884 1203 pauhtim
910 1108 1005 1201 irrep
1035 1126 1072 1194 t,
1114 1128 1158 1180 ac
1188 1111 1344 1182 nuncin
1372 1108 1439 1185 hae

238 1201 362 1277 nostra'
378 1205 482 1300 plaga
496 1202 641 1279 acerbos
653 1206 819 1279 excitavit
832 1204 1022 1287 tumultur,
1048 1203 1233 1299 postquam
1250 1226 1330 1277 cum
1348 1202 1439 1279 Ana·

104 1360 106 1389 2
239 1295 429 1396 baptistica
444 1300 712 1375 sella-errorum
733 1298 923 1376 exundavit
941 1300 1107 1395 pelagus,
1133 1321 1213 1396 quae
1226 1298 1328 1373 nobis
1343 1322 1438 1376 nunc

104 1428 106 1489 l
236 1392 437 1471 ‘barbariem
471 1396 673 1491 quandam,
714 1393 1038 1489 disciplinarumque
1074 1397 1230 1469 omnium
1263 1399 1440 1470 excidium

104 1494 106 1549 i
239 1492 443 1566 minitatur:
469 1488 532 1562 nili
557 1490 655 1567 Deus
679 1510 756 1584 opt.
781 1490 879 1563 Max.
904 1512 980 1563 eam
1025 1491 1127 1564 estem
1152 1494 1329 1566 auerterit.
1355 1491 1440 1566 Val-
1555 1548 1559 1553 -

105 1656 106 1669 Ν
242 1588 292 1661 de
315 1608 427 1661 autem
450 1585 537 1661 scire
569 1609 678 1674 aveo,
703 1584 856 1680 quisnam
885 1606 957 1681 per,
1013 1588 1193 1665 ohaemiam
1218 1584 1440 1684 Reipublicae

104 1714 107 1757 r
242 1666 337 1756 irunt
361 1680 467 1757 status
494 1679 536 1755 fit
558 1678 640 1778 post
664 1676 841 1779 Huffltr'cor
862 1680 939 1755 illas
958 1684 1143 1778 procellar-
1190 1679 1241 1757 Et
1265 1684 1439 1771 miror,si

104 1760 106 1827 i
242 1778 333 1851 adeo
349 1774 484 1851 diversa
504 1779 547 1851 de
565 1778 735 1870 religione
759 1776 960 1865 credentes,
984 1779 1044 1851 vel
1066 1774 1130 1873 ipfi
1159 1779 1196 1851 in
1219 1776 1439 1876 Reipublicae

105 1872 106 1953 ἶ
238 1870 757 1959 administratiouecousentire,
780 1874 838 1947 vel
846 1868 986 1967 Regem
1010 1874 1236 1952 Catholicum
1254 1872 1348 1950 ferre
1361 1876 1440 1975 pos·

104 1999 106 2063 r
246 1968 323 2042 fint.
375 1965 481 2065 Rogo
501 1988 616 2042 autem
631 1989 686 2056 te,
711 1971 760 2041 mi
775 1970 976 2053 Cortnbrcbr',
1001 1968 1081 2043 utsi
1098 1974 1240 2065 quando
1253 1975 1364 2046 otium
1375 1975 1440 2048 tibi

105 2090 106 2119 ,
244 2062 305 2152 iic,
317 2062 391 2139 &st
408 2088 462 2137 rea
476 2062 694 2139 Bohaemicas
706 2066 901 2161 exploratas
918 2064 1116 2153 haben-de
1133 2066 1213 2161 ipsis
1229 2068 1274 2142 ad
1289 2091 1345 2144 me
1360 2068 1441 2145 scri·

106 2168 107 2211 ³
235 2160 321 2261 ¹bas.
373 2157 498 2242 Unde,
523 2163 600 2257 quis
624 2162 707 2235 olim
733 2160 824 2235 forte
859 2164 955 2257 apud
981 2180 1045 2239 nor
1077 2158 1187 2235 status
1216 2162 1355 2241 futurus
1377 2165 1438 2255 iit,

105 2309 110 2362 t
246 2256 454 2351 conjiciam,
478 2253 687 2331 linostrater
706 2254 949 2335 &hamarum
964 2260 1144 2353 exemplo,
1169 2260 1313 2335 aucillis
1336 2263 1440 2335 etiam
1559 2304 1564 2309 -
1604 2313 1606 2316 -

242 2348 404 2426 furiosus
428 2354 631 2428 tumultuari
644 2350 737 2428 some
755 2370 914 2449 pergant.
966 2352 1116 2446 Georgius
1137 2352 1341 2427 Hermonnur
1364 2380 1440 2441 cre·¹

106 2456 140 2473 '‘
240 2447 310 2523 brd
334 2446 379 2521 ad
405 2469 463 2521 nte
486 2446 622 2535 scribit,
646 2470 877 2543 magnamque
904 2448 978 2543 ejm
995 2469 1079 2542 erga
1105 2470 1161 2521 me
1190 2450 1440 2534 humanitatem

106 2624 107 2627 Ἴ
239 2543 403 2639 quotidie
427 2546 610 2637 experior:
636 2546 730 2619 unde
746 2544 931 2639 intelligis,
956 2544 1057 2619 teob
1076 2540 1182 2617 simile
1199 2544 1350 2621 officium
1369 2572 1442 2623 non

106 2640 108 2726 l
242 2660 375 2711 vanum
391 2658 648 2735 reportaturum
671 2638 864 2733 premium.
913 2639 996 2736 Ego
1019 2639 1128 2729 verd,
1150 2638 1174 2712 li
1193 2644 1277 2739 quid
1303 2666 1338 2718 te
1363 2666 1441 2719 mea

107 2809 108 2836 χ
242 2735 549 2811 commendatione
581 2758 600 2807 a
651 2736 796 2807 dilium
822 2733 988 2831 adjuvare
1012 2752 1163 2831 potero,
1209 2741 1350 2813 minime
1374 2764 1441 2838 per

107 2853 110 2890 t
243 2826 463 2905 occasionem
480 2831 516 2903 id
531 2852 599 2925 neg
626 2848 713 2905 am.
762 2828 824 2903 Tu
843 2831 984 2905 vicisim
1012 2853 1114 2917 cura,
1140 2852 1180 2905 ur
1205 2836 1440 2913 adolescentes

243 2945 324 2999 tuos
348 2924 385 2997 in
400 2927 468 2997 mei
481 2948 607 3000 ‘amore
633 2926 805 3013 retineas,
830 2928 924 3022 apud
948 2951 1038 3023 quos
1061 2938 1140 3024 ego‘
1153 2929 1294 3022 vicillim
1316 2956 1440 3031 patene

106 3090 107 3093 t
242 3043 315 3097 tum
331 3018 431 3097 causa
448 3022 673 3101 vehementer
697 3021 838 3096 afficior.
887 3020 979 3098 Illud
993 3046 1125 3119 porro,
1144 3024 1191 3099 mi
1208 3029 1338 3123 Georgi,
1362 3028 1441 3103 sub·

106 3096 108 3133 ¹
238 3138 369 3193 ⁴uereor
383 3140 630 3285 nonnunguam
643 3140 708 3202 ue,
734 3140 905 3215 qumego
921 3122 1108 3216 aliquando
1124 3142 1160 3195 te
1175 3121 1220 3197 de
1237 3149 1281 3199 eo
1305 3124 1437 3208 studio,

105 3239 107 3281 r
216 3222 229 3265 ἲ
243 3216 341 3309 quod
357 3212 431 3309 ipse
456 3236 522 3309 pro
551 3236 655 3303 teor,
688 3218 848 3289 hortatus
874 3214 948 3288 sum
961 3266 973 3303 ,
998 3241 1070 3292 non
1091 3214 1134 3289 fit
1155 3218 1220 3289 tibi
1242 3224 1439 3315 exequendi

106 3367 108 3385 .
238 3307 387 3387 occasio.
438 3308 604 3406 Cogitate
634 3330 749 3385 tamen
765 3332 800 3383 te
814 3314 989 3385 interdum
1004 3314 1110 3386 velim
1135 3312 1181 3385 de
1202 3310 1439 3411 subsequentis
1519 3381 1522 3393 .

105 3397 108 3427 *
239 3408 352 3480 aetatis
374 3426 469 3480 certo
494 3408 611 3501 aliquo
634 3406 811 3492 instituto,
836 3409 963 3502 quoin
988 3425 1147 3502 tempore
1169 3406 1281 3484 studia
1296 3432 1357 3486 tua
1375 3436 1436 3509 ap·

237 3504 362 3673 illl·
388 3500 917 3675 ,lllldrilrllllr
948 3500 1188 3674 ildini?
1217 3505 1437 3679 {illm

241 3618 387 3787 quidque
402 3621 486 3764 milri
504 3690 594 3769 visus
620 3718 656 3769 es
682 3698 859 3791 ingenium
884 3622 1011 3771 halbepre
1040 3654 1265 3793 propulsum.
1288 3627 1437 3776 qpmitrx

241 3791 307 3873 de,
331 3784 449 3862 iinon
467 3806 570 3882 poter
594 3789 914 3880 Jureconsultorum
929 3790 1071 3867 subtiles
1097 3795 1137 3869 dt
1161 3794 1348 3868 laboriosas
1370 3817 1436 3871 tra·

241 3885 395 3959 ditiones
408 3880 624 3979 perdiscere,
649 3906 824 3959 memento
841 3908 955 3961 tamen
970 3912 1036 3983 per
1052 3886 1291 3976 occasionem,
1316 3896 1357 3966 ad
1375 3896 1436 3968 ali·
1455 3934 1460 3940 ·

268 3982 341 4055 uod
359 3982 540 4075 publicum
557 4002 680 4054 munus
703 4004 738 4055 te
756 3984 921 4055 idoneum
940 3985 1096 4058 reddere.
1145 3985 1205 4061 Ad
1230 3991 1326 4080 quod
1356 4014 1437 4064 con·
1516 4017 1525 4027 ’

241 4004 453 4173 sequendum
469 4076 671 4170 adjumento
685 4080 751 4151 tibi
766 4096 867 4150 erunt
882 4081 951 4164 illi,
976 4102 1125 4173 quorum
1148 4102 1187 4155 tu
1206 4082 1335 4159 liberor
1359 4112 1436 4162 eru·

241 4173 314 4257 die,
337 4176 405 4245 viri
426 4194 549 4246 omnes
580 4171 660 4247 cium
682 4171 824 4248 summae
842 4174 1084 4262 authoritatis,
1107 4196 1181 4251 tum
1195 4180 1436 4258 &humanita-

241 4270 299 4340 tir.
349 4266 441 4342 Mihi
459 4292 535 4343 mea
553 4268 700 4345 fortuna
719 4272 874 4344 nondum
890 4273 977 4347 adeo
994 4274 1130 4368 placet,
1154 4294 1195 4349 ut
1213 4278 1309 4354 deca
1327 4282 1435 4353 multa

243 4362 309 4436 tibi
340 4362 485 4439 scribere
513 4366 644 4465 poffim.
693 4367 831 4445 Interea
862 4387 979 4446 tamen
1003 4368 1153 4469 publicis
1182 4376 1360 4471 negotiis,
1396 4370 1436 4445 ἃ

296 4456 382 4537 ron.
407 4460 459 4535 ΙΙ.
876 4462 909 4535 Υ
1335 4470 1437 4565 hujus
