3967 5167
111 151 138 285 J.

292 437 486 544 EPIST.
515 440 823 564 SELECTAE
849 440 939 532 AD
966 440 1296 543 DIVERSOS.
1339 476 1417 568 159

216 648 385 749 politores
405 649 498 724 suum
520 643 675 732 officium
698 641 885 736 diligenter
899 643 1084 738 expleant,
1109 639 1303 756 formasque
1323 667 1412 722 tem·

215 746 350 845 pestive
365 743 563 828 absolvant,
587 744 661 833 qud
679 737 781 813 semel
799 739 995 836 iterumque
1011 739 1111 830 prelo
1127 737 1272 834 subjici,
1297 767 1338 817 ac
1363 743 1411 820 stc

215 841 401 918 correctius
419 833 704 931 emendatiusque
727 836 839 918 exire,
864 855 904 908 ac
927 836 1080 929 imprimi
1095 856 1232 929 queant.
1281 837 1323 909 ln
1363 863 1412 913 uo

214 939 333 1014 itidem
361 962 432 1012 non
454 959 566 1032 parva
590 955 713 1006 eorum
735 929 784 1002 est
804 951 931 1024 opera:
954 931 1322 1025 etenimquantumuis
1339 865 1413 1010 eirat

214 1036 427 1128 diligentes,
463 1029 526 1103 nist
554 1053 697 1126 quoque
721 1028 853 1122 aliquid
878 1025 1106 1110 eruditionis,
1133 1027 1327 1124 judiciique
1350 1035 1411 1104 ha·

212 1132 340 1217 beant,
366 1129 633 1204 Correstoribus
649 1128 692 1196 de
711 1121 836 1220 quibus
851 1124 971 1218 postea
988 1122 1167 1206 dicentur,
1192 1125 1337 1198 multum
1354 1147 1414 1199 ne·

212 1228 304 1322 gotii
337 1221 529 1307 sacellunt,
562 1219 601 1293 dt
626 1223 759 1293 caeteris
792 1219 959 1313 operariis
993 1240 1156 1314 magnum
1191 1217 1414 1314 impedimen·

211 1343 288 1395 tum
308 1320 473 1395 adferunt
486 1313 808 1414 Typograpbilque
825 1313 972 1387 officina
987 1313 1164 1409 magistris
1186 1335 1312 1409 parum
1335 1317 1414 1392 sunt

211 1420 334 1491 utiles.

262 1513 367 1586 Huic
385 1527 501 1584 autem
513 1502 750 1602 Compulitori
759 1503 912 1580 succedit
927 1506 956 1576 is
973 1527 1076 1599 quern
1087 1503 1330 1582 Correbtorem
1347 1529 1414 1581 vo·

209 1609 383 1682 cavimus.
433 1603 544 1692 Quod
571 1601 725 1676 officium
754 1597 861 1675 dotto
887 1601 991 1674 alicui
1020 1602 1097 1674 viro
1135 1601 1208 1678 fere
1238 1604 1410 1678 committi

212 1704 323 1787 solet,
349 1703 410 1798 qui
426 1723 505 1773 cum
516 1697 655 1794 judicio
674 1695 801 1771 formas
820 1693 1029 1791 compofitas
1045 1698 1199 1792 relegat,
1223 1699 1413 1776 recenseat·

211 1823 284 1896 que
300 1821 384 1872 num
409 1794 501 1870 relic
517 1815 637 1868 omues
654 1795 734 1960 pppi
760 1795 957 1888 litteraeque
980 1789 1047 1864 lint
1069 1793 1285 1890 conjunftae,
1310 1795 1332 1868 s
1351 1800 1411 1872 lla·

212 1895 341 1992 baeque
367 1916 408 1966 ac
425 1891 602 1964 orationes
620 1890 656 1961 di
687 1884 798 1961 meta.
849 1887 906 1962 Ac
927 1889 998 1960 huc
1016 1890 1119 1962 etiam
1145 1889 1250 1966 offitii
1274 1823 1412 1987 ipltymet

212 1990 252 2064 T
309 1987 479 2086 ographi,
514 1985 539 2058 li
586 1986 650 2057 uid
681 1986 872 2057 litterarum
900 2005 1040 2069 tenent,
1073 1983 1136 2058 fibi
1163 2009 1414 2084 nonnunquam

211 2013 382 2161 ababuc
401 2066 522 2157 lblent.
608 2081 731 2154 thane
747 2079 890 2172 quidem
905 2101 1049 2175 operam
1063 2078 1135 2174 ipse
1155 2085 1309 2172 Erasmus
1335 2082 1409 2157 Ro·

212 2183 414 2258 terodamus
430 2175 511 2274 (cui
528 2176 721 2250 frobeniana
735 2175 996 2273 Typograpltia
1015 2177 1250 2252 celebritatem
1262 2181 1412 2273 primam

211 2277 345 2367 debet)
367 2275 480 2350 subire
500 2297 571 2344 non
585 2269 811 2438 gEravaba'tur:
837 2295 911 2367 quo
934 2294 957 2344 o
984 2295 1041 2342 era
1056 2270 1112 2344 sua
1136 2295 1179 2345 eo
1198 2275 1412 2348 emendatius

211 2375 249 2446 in
269 2375 384 2448 lucem
399 2373 544 2446 exirent
628 2368 727 2440 adem
749 2365 936 2440 solicitudo
1009 2369 1126 2439 mein
1155 2371 1410 2442 commentariis

210 2472 303 2542 meir
320 2467 462 2541 edendis
482 2459 614 2536 menses
631 2463 721 2533 duos
736 2461 880 2534 Basileae
897 2463 1075 2542 detenuit,
1102 2479 1143 2534 ut
1160 2466 1271 2558 prima
1286 2465 1412 2540 foetura

209 2563 429 2637 emendatior
467 2558 636 2656 prodiret.
686 2553 898 2652 Quanquam
932 2579 975 2630 eo
1009 2575 1168 2652 tempore
1202 2557 1270 2633 boc
1302 2559 1411 2635 officii

208 2658 402 2757 'praefflbat
415 2658 451 2727 in
470 2655 604 2726 ceteris
624 2654 810 2746 operibus,
836 2675 916 2747 quae
931 2653 966 2722 in
992 2653 1112 2725 eadem
1131 2653 1267 2728 officina
1293 2660 1410 2752 impri-

208 2753 416 2836 mebantur,
441 2747 657 2844 sigismundus
674 2745 841 2836 Gelenius:
859 2747 1103 2842 virinfigniter
1114 2749 1261 2836 dodina,
1279 2749 1317 2825 dt
1333 2758 1409 2826 lon·

210 2874 256 2946 ge
272 2850 418 2922 meliore
432 2845 572 2918 fortuna
587 2843 724 2937 dignus.
748 2841 887 2918 Etcum
902 2843 965 2938 ipli
983 2843 1222 2941 Typogtaphi
1239 2849 1406 2943 quaestum

204 2944 287 3020 fere
303 2965 424 3017 omnes
440 2942 611 3036 imprimis
629 2937 817 3013 sectentur:
839 2937 901 3011 nist
918 2937 1058 3012 doctum
1082 2941 1322 3040 emuntiaeque
1349 2971 1407 3018 na·

210 3045 258 3116 rit
284 3035 529 3114 Correuorem
559 3036 728 3119 habeant,
760 3035 981 3130 quantumvis
1007 3039 1179 3132 elegantes
1211 3039 1276 3114 fint
1306 3045 1406 3137 typi,

209 3157 405 3230 ceteraque
429 3133 546 3206 omnia
570 3131 801 3225 applaudant:
826 3133 962 3206 laudem
989 3153 1106 3205 tamen
1134 3136 1316 3218 amittunt,
1343 3135 1406 3208 nist

208 3233 464 3308 Corneliorum
479 3227 660 3321 diligentia
685 3247 867 3323 appareat:
901 3227 981 3300 cum
1005 3229 1151 3324 quilibet
1166 3229 1348 3304 Studiosut
1366 3231 1407 3303 li·

209 3330 295 3404 bros
318 3328 428 3491 mags
443 3325 671 3408 emendatos,
694 3325 797 3417 quam
821 3325 996 3418 elegantes
1020 3325 1182 3416 requirat.

261 3423 373 3495 Corte
410 3421 589 3494 oriautem
607 3414 818 3491 subservitis
864 3441 940 3489 uem
957 3415 1138 3504 Lestorem
1156 3439 1294 3493 vocant.
1322 3421 1407 3496 Col-

208 3519 299 3596 latio
312 3515 403 3586 enirn
427 3517 549 3608 prime
571 3513 695 3588 formae
720 3442 889 3609 impreiae
913 3533 995 3585 cum
1025 3515 1238 3609 exemplari,
1264 3520 1406 3593 omnino

211 3607 400 3691 necessaria
414 3607 481 3682 est:
506 3609 545 3682 δι
559 3630 601 3681 ut
617 3605 713 3682 reete
728 3608 813 3696 fiat,
839 3609 986 3682 duorum
999 3631 1141 3704 operam
1166 3617 1318 3707 requirit.
1345 3613 1408 3685 So·

211 3718 359 3804 lentque
382 3706 419 3775 in
437 3700 527 3776 bene
542 3702 704 3775 institutis
724 3703 871 3796 officinis
899 3724 970 3778 tres
993 3703 1123 3779 confici
1146 3705 1288 3790 fonnae,
1314 3709 1408 3782 ordi·

211 3829 329 3901 neque
354 3797 497 3894 fingulae
522 3799 651 3893 relegi,
674 3821 748 3894 quo
766 3803 860 3874 omni
886 3822 930 3873 ex
958 3801 1060 3897 partb
1093 3803 1228 3876 mendae
1250 3804 1405 3902 vitiaque

210 3913 464 3999 expurgentur.

259 3998 316 4074 Ao
345 3989 473 4067 deinde
493 3985 756 4084 Imprelloribus
787 3989 900 4063 libera
929 3990 1151 4086 imprimendi
1178 3991 1219 4065 fit
1245 3997 1406 4090 potestas.

211 4094 271 4170 Ex
284 4092 410 4192 quibus
427 4109 515 4160 unua
531 4089 621 4182 pilas
644 4102 836 4160 atramento
861 4085 1002 4180 irrigat,
1025 4085 1149 4182 easque
1169 4091 1316 4166 invicem
1333 4099 1406 4169 col·

211 4192 311 4276 lidit,
336 4209 407 4284 qno
417 4182 451 4257 se
460 4199 700 4256 atramentum·
709 4183 927 4256 commodius
941 4183 976 4255 in
991 4203 1050 4254 ear
1070 4181 1258 4282 dispergat:
1280 4191 1407 4283 quibus

213 4285 340 4365 deinde
356 4303 465 4382 typos
486 4279 641 4375 undique
666 4278 791 4378 tingit:
816 4282 904 4355 alter
918 4280 1007 4356 verb
1032 4278 1167 4358 chartas
1182 4285 1226 4370 ad
1252 4285 1290 4360 id
1308 4307 1408 4452 pepp·

1392 4399 1412 4450 a
