3967 5167
537 494 988 623 talviouum
1018 428 1679 587 avrrnzurouumr
1822 404 1830 425 ¹

536 710 645 783 tinere
662 703 779 779 velim.
823 693 952 792 Erasmi
974 716 1030 767 me
1050 693 1149 765 noni
1175 710 1277 765 norae
1294 684 1481 782 studiosum
1498 684 1634 787 semper
1654 691 1740 769 suis·

535 800 582 879 se.
636 800 772 876 Sodolett'
796 796 884 871 vetd
911 814 989 867 ante
1014 813 1123 865 annos
1146 714 1267 899 decem
1287 838 1297 875 ,
1320 788 1390 883 legi
1413 788 1570 881 quaedam
1592 791 1629 863 itt
1644 790 1742 867 Psal-
1807 784 1818 801 '

537 922 615 973 mos
630 896 853 975 elucubrata,
879 912 957 987 quae
973 888 1022 961 ita
1041 909 1113 963 tum
1133 890 1218 959 mtlu
1232 886 1457 980 placuemnt,
1481 905 1521 959 ut
1541 885 1579 960 δι
1596 887 1634 959 iu
1650 887 1744 985 Epi·

420 1022 425 1041 ¹
539 998 659 1085 stolam
678 994 766 1066 Divi
792 989 886 1065 Pauli
907 988 951 1061 ad
969 986 1173 1067 Romanos,
1195 981 1346 1077 scriptos
1365 979 1493 1052 deinde
1511 982 1555 1055 ab
1574 1006 1620 1059 eu
1633 984 1743 1061 Com.

541 1092 729 1169 mentatios
755 1086 997 1183 degustarem,
1021 1083 1240 1179 posteaquam
1260 1080 1362 1154 etium
1383 1079 1428 1155 de
1453 1078 1636 1155 Laudibus
1659 1078 1746 1159 Phi·

541 1188 710 1285 losophiae
739 1186 851 1259 editos
878 1180 987 1255 libros
1018 1177 1203 1253 avidilitme
1232 1179 1394 1269 legerem.
1445 1173 1661 1276 Quanquam
1684 1187 1783 1256 am·

543 1308 614 1363 tem
640 1306 707 1379 ego
734 1278 811 1375 ipso
837 1276 948 1351 statim
974 1273 1114 1348 dicendi
1138 1295 1265 1369 genere
1292 1270 1603 1367 sententiarumque
1627 1278 1744 1371 gravi-

432 1468 434 1473 ·
543 1402 635 1469 tate,
658 1398 835 1453 aeterum
856 1373 1036 1470 pondere,
1061 1372 1250 1465 plurimum
1272 1365 1453 1454 afficerer,
1478 1367 1609 1461 Erosmr’
1625 1393 1743 1447 tamen

544 1476 649 1575 ipsius
688 1475 731 1547 de
756 1474 818 1545 illo
850 1472 960 1543 multo
987 1470 1067 1563 plus
1094 1464 1290 1539 tribuebam
1312 1464 1479 1561 judicio,
1511 1464 1617 1561 quim
1645 1492 1749 1559 meo,

547 1574 627 1648 etim
651 1569 783 1645 scilicet
802 1564 941 1663 ipsum,
976 1565 1114 1641 Sedoleu'
1136 1562 1341 1656 ingenium,
1374 1560 1573 1655 sapientiam
1591 1614 1605 1649 ,
1626 1561 1749 1647 facum

547 1672 712 1765 diemque
726 1660 986 1740 cumulatissimd
1004 1660 1144 1732 laudare
1165 1660 1484 1733 animadverterem.
1533 1656 1617 1736 Nee
1630 1676 1750 1747 tamen

548 1766 683 1841 idcirco
711 1761 873 1837 salernus
899 1780 1051 1853 unquam
1078 1756 1164 1827 mihi
1186 1754 1280 1829 visus
1305 1751 1354 1827 est
1379 1755 1463 1829 huic
1480 1757 1574 1829 velle
1595 1760 1750 1853 palmam

547 1864 765 1962 praeripere:
791 1854 851 1931 sed
874 1853 947 1949 ipse
974 1852 1109 1947 Erofinv
1136 1848 1269 1946 semper
1295 1853 1483 1946 plurimum
1506 1852 1643 1928 detulit.
1693 1854 1751 1933 Ea

549 1980 660 2057 porro
685 1952 765 2031 etim
785 1950 893 2027 fuerit
916 1952 1058 2037 alterius
1081 1947 1126 2021 de
1140 1950 1249 2020 altero
1272 1948 1459 2021 sententia:
1483 1947 1568 2042 quid
1587 1950 1753 2047 estquod

551 2076 616 2133 nor
644 2048 799 2143 odiosam
826 2068 1027 2130 moveamus
1055 2046 1347 2135 contentionem,
1382 2068 1485 2139 quam
1507 2042 1573 2140 ipli
1598 2050 1753 2129 modeste

553 2150 846 2233 declinaverunt,
881 2142 918 2217 δι
941 2144 978 2214 in
1012 2166 1081 2238 qua
1105 2142 1258 2216 invicem
1290 2138 1353 2214 fibi
1377 2163 1448 2213 non
1473 2141 1657 2221 illubenter
1683 2144 1755 2221 cel*-

553 2244 697 2323 setunt?
720 2240 800 2321 Nec
830 2244 842 2313 i
868 2263 996 2325 notas,
1019 2240 1068 2311 mi
1094 2238 1299 2323 Hermanne,
1325 2236 1524 2331 potilimam
1551 2242 1756 2317 mortalium

554 2342 690 2443 partem
714 2393 725 2429 ,
759 2266 946 2415 affedrone
969 2337 1006 2409 in
1030 2335 1229 2429 hujusmodi
1253 2331 1497 2407 controversiis
1518 2336 1624 2433 magis
1650 2336 1755 2413 sedu-

555 2444 609 2533 ci,
634 2438 738 2537 qulm
760 2458 805 2511 ex
832 2436 977 2509 veritate
1001 2454 1074 2509 rem
1097 2431 1327 2527 perpendere.
1386 2428 1555 2509 Germani
1577 2431 1755 2531 &osmunt

555 2556 786 2621 veneramur,
803 2618 804 2622 Ν
821 2530 947 2629 quibus
973 2527 1069 2637 cette
1098 2529 1157 2603 ille
1182 2530 1290 2601 decus
1318 2548 1424 2625 atque
1452 2549 1694 2608 ornamentum
1718 2531 1757 2607 in

557 2634 682 2717 litteris
710 2630 895 2704 maximum
928 2629 1052 2701 attulae
1103 2622 1157 2719 Ut
1179 2625 1265 2697 verb
1294 2622 1375 2704 Itali
1399 2624 1539 2702 viciffim
1574 2626 1759 2701 Sadolerurrt

561 2726 680 2827 suum,
707 2746 765 2801 aut
792 2724 979 2820 quemlibet
997 2722 1100 2801 alium
1116 2742 1346 2812 venerentur,
1371 2745 1414 2797 ac
1432 2718 1531 2795 Galli
1556 2720 1762 2800 defuturum

561 2846 675 2921 nuper
701 2822 856 2899 Budevm
882 2820 944 2919 ple
970 2820 1178 2917 deplorent,
1214 2841 1278 2893 cur
1301 2819 1543 2893 invideamus?
1575 2818 1618 2893 Id
1643 2843 1762 2897 tamen

564 2922 683 3019 negari
707 2922 851 3015 nequit,
885 2919 961 2995 stilo
990 2916 1203 3013 expoliendo
1231 2918 1399 3011 maiorem
1431 2938 1551 2989 cutam
1580 2918 1764 2992 Sauram

562 3014 742 3100 tribuilie,
766 3015 871 3113 quim
893 3008 1075 3107 Erasmum.
1124 3010 1174 3086 Et
1191 3014 1285 3107 quod
1302 3014 1384 3087 huic
1406 3014 1768 3109 ingeniiadmirabilis

451 3128 454 3135 '
563 3117 618 3201 via
644 3114 680 3188 dc
695 3108 842 3187 facultas
854 3106 1032 3205 suggeliit,
1055 3110 1149 3183 idem
1167 3130 1229 3184 cur
1245 3132 1316 3181 non
1332 3110 1368 3185 dr
1386 3111 1550 3197 altemlu,
1574 3110 1766 3207 adjuvante
1811 3170 1819 3177 .

565 3202 1768 3401 lllltllssillli’illilludilllllllsslllilll,

569 3401 741 3515 quidlibet
766 3400 943 3484 tramitti,
969 3400 1058 3474 citra
1079 3400 1184 3475 ullam
1211 3399 1280 3473 stili
1301 3398 1555 3476 solicitudinem
1570 3418 1631 3475 aut
1652 3400 1770 3481 imita-

521 3572 524 3579 ,
569 3500 676 3574 tronis
692 3496 826 3571 anxiam
846 3492 1121 3583 affel‘tationem,
1152 3492 1212 3567 sua
1237 3494 1361 3591 sponte
1391 3497 1516 3570 cum‘ia
1541 3494 1766 3593 profluxere,

570 3599 676 3693 plane
690 3614 731 3667 uc
752 3595 872 3669 divina
900 3594 935 3667 δι
961 3586 1162 3665 inexhausta
1185 3590 1316 3687 inipso
1335 3593 1465 3688 ingenii
1485 3595 1769 3690 vitatquevena

572 3690 759 3775 reluxerit,
781 3686 925 3787 ipsaque
942 3686 1039 3781 ejus,
1064 3684 1136 3764 five
1151 3684 1321 3775 suavitas,
1345 3686 1415 3763 stve
1435 3688 1582 3766 facultas
1601 3690 1772 3765 orationis

571 3790 739 3871 lestorem
767 3782 839 3861 iton
861 3784 974 3859 minus
998 3782 1102 3881 quim
1131 3783 1277 3857 aliorum
1302 3786 1457 3879 expolita
1481 3807 1585 3881 atque
1607 3806 1775 3864 accurate

571 3890 691 3961 limata
718 3878 853 3979 phrasis
884 3874 1137 3965 delectaverit,
1171 3875 1409 3977 affeceritque.
1456 3880 1578 3979 ipsum
1600 3885 1659 3968 id,
1694 3886 1772 3983 ejua

574 3983 746 4078 plutima,
784 3976 824 4053 dr
849 3972 993 4071 infignia
1020 3997 1265 4066 monumenta,
1297 4000 1379 4073 quae
1408 3980 1521 4051 omnia
1542 3979 1776 4073 admirabitur

574 4076 778 4173 posteritas,
829 4070 979 4169 erpetud
997 4070 1222 4149 testabuntur.
1270 4070 1405 4163 Qualia
1418 4062 1610 4150 certeliab
1627 4076 1775 4152 Sadolerr

577 4172 693 4255 aliisve
707 4193 810 4268 expe,
853 4194 889 4242 re
906 4170 1057 4254 liceret,
1079 4168 1248 4244 mundum
1264 4169 1474 4267 quemdam,
1496 4193 1538 4246 ut
1559 4175 1609 4248 ita
1632 4174 1775 4264 meam,

575 4266 742 4349 dostrinae
758 4288 986 4349 cerneremus.
1036 4264 1172 4356 Porro,
1197 4262 1324 4363 liquid
1348 4290 1416 4363 ego
1437 4266 1580 4363 judico,
1605 4270 1650 4345 ab
1673 4272 1775 4347 nullo

575 4364 679 4465 hujut
696 4362 806 4441 etatis
823 4365 1010 4463 quicquam
1024 4361 1196 4441 inlitterir
1211 4363 1260 4438 est
1273 4362 1426 4453 editum,
1451 4365 1550 4467 quod
1571 4388 1656 4445 cum
1667 4368 1776 4443 unico

1682 4462 1780 4546 Ada-
