3967 5167
473 451 483 460 ἱ
544 561 622 652 142
652 525 888 634 VIGLII
925 550 991 633 Aa
1019 515 1280 614 AYTTA
1313 517 1676 646 ZUlCHEMI

540 729 625 789 eos,
650 704 712 797 qui
740 702 917 774 literarum
935 701 1106 772 bonarum
1121 695 1310 785 studiosos,
1334 700 1518 796 imperitiae
1533 703 1569 778 in
1593 702 1733 798 legibus

543 799 759 880 insimulant,
776 799 1029 892 vulgatumque
1050 793 1151 866 nobis
1179 792 1406 868 Grammatici
1425 798 1618 871 convitium
1644 799 1733 894 obji-

542 897 650 970 ciunt.
703 892 847 966 Graecas
878 891 1115 969 institutiones
1139 888 1163 980 J
1166 891 1235 963 uris
1257 887 1382 965 Civilis
1408 896 1597 990 Hiertam
1619 897 1731 968 Frobe·

543 997 593 1064 nio
613 987 686 1062 mist
708 989 938 1061 excudendas.
986 981 1159 1059 Ptaefatus
1177 985 1250 1058 sum
1263 987 1299 1058 in
1318 1011 1375 1062 eas
1402 989 1509 1084 paule
1542 993 1733 1086 prolixius,

544 1109 617 1182 quo
635 1080 802 1157 studiosos
820 1083 865 1156 ad
879 1079 1074 1176 indaganda
1103 1078 1311 1158 Grecorum
1335 1089 1580 1158 commentarit
1604 1089 1734 1164 excita·

435 1264 439 1273 ¹
545 1205 636 1255 rem:
664 1182 701 1254 δι
712 1178 866 1252 futurum
884 1176 1020 1253 facilius
1038 1175 1160 1274 spem,
1186 1198 1227 1250 ut
1245 1177 1271 1250 fi
1292 1179 1416 1253 nostrae
1432 1177 1533 1254 setta
1550 1184 1730 1270 homines,

544 1279 677 1371 linguae
693 1297 817 1371 gtaecae
841 1296 985 1370 operam
1003 1277 1087 1347 dare
1112 1274 1299 1370 coeperint,
1324 1277 1464 1348 latinam
1492 1301 1635 1372 qnoque
1659 1278 1736 1352 dili·

545 1374 684 1471 gentius
710 1375 881 1446 excolant.
929 1371 987 1442 Ad
1012 1369 1278 1464 comparandam
1303 1391 1416 1444 autem
1441 1376 1541 1538 operi
1563 1375 1647 1448 hulc
1674 1395 1732 1446 au·

546 1471 776 1554 thoritatem,
802 1467 840 1542 &
864 1463 946 1539 alias
970 1466 1135 1560 quasdam
1158 1463 1206 1538 ob
1236 1464 1371 1554 causas,
1396 1466 1453 1541 sua
1480 1488 1555 1541 ente
1575 1469 1735 1564 jubente·

545 1588 616 1665 que
641 1567 771 1638 Mathia
792 1563 910 1646 Heldr,
935 1562 1229 1655 procancellario‚
1267 1560 1394 1634 Caesati
1423 1565 1633 1658 nuncupavi.
1686 1565 1736 1636 Et

546 1685 587 1734 ut
608 1661 692 1732 mihi
709 1661 780 1732 boc
800 1660 893 1733 bona
915 1659 1024 1728 bembi
1048 1658 1150 1728 venia
1176 1659 1314 1742 liceret,
1340 1656 1579 1753 praefationem
1598 1657 1661 1754 ipss
1679 1681 1733 1731 err·

545 1756 664 1840 hiberi,
687 1757 726 1826 in
746 1777 814 1850 qua
829 1776 892 1848 pro
909 1772 1010 1824 tanto
1031 1773 1173 1824 munere
1190 1752 1415 1826 honorificam
1434 1759 1506 1848 ejus
1525 1758 1735 1829 mentionem

546 1850 696 1925 inserui(
734 1850 817 1944 Qua
831 1851 933 1920 etiam
962 1853 1019 1915 reis
1044 1851 1152 1940 stagia
1182 1849 1482 1936 emendatissimum
1499 1850 1737 1946 plenissimum·

547 1971 617 2042 que
633 1952 811 2042 exemplar
825 1947 868 2018 ab
882 1967 926 2018 eo
940 1945 1144 2041 impetravi:
1170 1966 1318 2039 quarum
1336 1947 1452 2018 aeditio
1463 1969 1584 2019 revera
1597 1945 1737 2019 Nuren·

547 2043 665 2138 bergas
681 2037 730 2115 est
758 2038 987 2136 praecipitata.
1036 2039 1149 2138 Spero
1168 2064 1222 2112 me
1245 2041 1346 2112 bonis
1366 2039 1524 2138 auspiciis
1549 2041 1739 2115 Institutio·

548 2161 632 2210 num
656 2157 766 2232 opus,
794 2137 865 2233 jam
891 2138 974 2207 olim
998 2136 1041 2207 ab
1071 2133 1224 2208 studiosis
1249 2133 1495 2220 desideratum,
1529 2134 1735 2210 emissurum.

548 2232 645 2306 Nam
668 2253 729 2306 tua
746 2232 1003 2305 commendatio
1023 2233 1119 2324 jam,
1143 2252 1183 2302 ut
1212 2229 1348 2317 sentio,
1374 2231 1649 2328 expeiiationem
1677 2235 1738 2304 ali·

550 2330 714 2425 quamde
738 2352 793 2402 me
820 2326 931 2415 fecit,
955 2329 1011 2400 cui
1037 2325 1098 2400 etsi
1123 2349 1194 2399 non
1219 2331 1332 2422 primo
1355 2328 1466 2400 statim
1491 2327 1597 2414 foetu,
1624 2351 1737 2423 eoque

471 2456 473 2462 ’
548 2429 661 2498 alieno
678 2422 894 2498 satisfecero:
920 2443 1033 2496 tamen
1059 2447 1130 2517 quo
1153 2424 1339 2516 aliquando
1365 2426 1408 2494 de
1433 2447 1510 2496 meo
1540 2447 1634 2518 penu
1666 2447 1738 2494 non

548 2523 691 2596 omnino
707 2523 775 2593 tuis
794 2519 838 2594 de
862 2541 917 2591 me
941 2521 1126 2613 praeconiis
1143 2519 1285 2612 indigna
1301 2521 1503 2613 depromere
1520 2521 1741 2606 mibiliceat,

547 2637 616 2712 pro
642 2617 774 2688 viribus
798 2615 963 2686 conabor.
1015 2612 1147 2685 Vtrum
1173 2637 1267 2686 nunc
1298 2613 1539 2709 aliquantisper
1561 2613 1740 2705 Aristotelis

549 2712 667 2807 adhuc
690 2709 812 2804 sequar
836 2706 1037 2794 consilium,
1073 2710 1133 2802 qui
1165 2711 1279 2782 virum
1314 2733 1462 2803 egenum
1485 2709 1605 2782 suadet
1627 2712 1739 2804 magis

551 2807 714 2888 divitias,
729 2803 833 2900 quim
849 2803 1111 2896 Philosophiam
1127 2801 1258 2878 seclari.
1307 2806 1354 2876 At
1368 2805 1427 2876 ubi
1441 2806 1649 2879 mediocrem
1669 2805 1740 2880 for-

550 2921 668 2976 tunam
678 2951 689 2985 ,
699 2924 806 2994 atque
822 2923 896 2972 eam
914 2922 995 2992 quae
1011 2897 1198 2983 studiorum
1214 2901 1322 2993 quieti
1333 2901 1369 2974 δι
1380 2901 1562 2994 impendiis
1577 2900 1739 2985 sufficiat,

547 3019 746 3093 peperero,
776 2995 960 3068 intermissa
984 2998 1126 3066 omnino
1150 2995 1259 3070 studia
1288 3016 1447 3089 repetere
1471 2995 1620 3070 decrevi.
1670 2996 1744 3068 Ex·

550 3116 681 3188 ponam
698 3111 811 3164 autem
828 3085 893 3162 tibi
906 3091 1055 3187 apertius
1076 3089 1254 3164 confilium
1271 3115 1403 3172 meum,
1429 3091 1523 3183 quod
1542 3113 1577 3164 te
1594 3091 1631 3162 δι
1648 3093 1749 3164 velle

485 3153 589 3264 ’δι
609 3184 704 3284 posse
727 3211 798 3259 non
818 3187 944 3258 leviter
969 3208 1208 3278 promovere,
1239 3185 1319 3260 scio.
1370 3185 1501 3259 Habeo
1528 3209 1673 3284 magnos
1700 3184 1740 3258 dt

549 3305 713 3381 potentes
724 3305 892 3376 patronos
907 3281 1152 3354 inGermania.
1177 3279 1229 3354 Hi
1243 3305 1362 3356 omnes
1374 3281 1537 3368 suadent,
1549 3305 1588 3356 ut
1597 3307 1652 3356 me
1661 3282 1742 3376 Spi-

549 3405 623 3454 ram
639 3377 844 3459 conseram,
862 3380 1142 3473 promittuntque
1152 3399 1212 3462 ut,
1236 3401 1316 3448 oum
1334 3377 1402 3452 illic
1413 3379 1625 3471 aliquamdiu
1643 3379 1742 3449 babi-

548 3496 691 3558 tavero,
717 3471 858 3547 honesta
882 3477 997 3568 aliqua
1018 3473 1176 3545 conditio
1200 3473 1384 3546 deseratur.
1434 3471 1483 3542 Et
1502 3477 1545 3546 ad
1566 3495 1642 3548 eam
1668 3497 1742 3546 rem

548 3573 741 3667 adjutorem
757 3592 897 3664 quoque
913 3568 946 3641 se
965 3571 1060 3662 apud
1076 3568 1247 3642 Caesarem
1270 3569 1356 3640 mihi
1377 3566 1533 3642 futurum
1583 3571 1632 3642 D.
1661 3569 1743 3640 Mu·

549 3672 631 3742 thiar
647 3667 825 3762 pollicitus
848 3667 905 3737 est.
921 3665 1069 3737 Talibus
1088 3666 1228 3757 quidem
1243 3665 1445 3736 authoribus
1473 3665 1629 3738 lubenter
1644 3663 1744 3738 obse·

551 3788 649 3860 quar.
697 3763 821 3856 Itaque
832 3759 894 3830 sub
911 3762 1071 3854 hyemem
1084 3763 1230 3854 patriam
1247 3758 1394 3852 revisere
1413 3761 1573 3846 decrevi,
1597 3763 1672 3834 illic
1686 3783 1743 3830 me

549 3861 684 3934 viatico
700 3858 998 3939 communitums,
1011 3878 1051 3930 ut
1065 3855 1178 3949 Spirae
1188 3858 1244 3927 me
1256 3853 1462 3940 sustentem,
1477 3856 1593 3950 quoad
1605 3853 1744 3930 oceaho

549 3955 747 4048 exequendi
762 3951 912 4049 promisit
925 3955 1080 4048 patronis
1098 3950 1214 4025 oblata
1231 3949 1345 4024 fuerit.
1396 3947 1475 4023 Nec
1495 3975 1534 4024 ea
1553 3975 1649 4023 mora
1689 3973 1742 4022 ra-

549 4052 604 4141 vis
629 4050 715 4122 mihi
738 4052 823 4143 erit,
847 4071 923 4145 quo
945 4047 1075 4122 interea
1099 4049 1227 4142 lingue
1254 4041 1452 4120 &sorenfis
1476 4045 1619 4120 aetionis
1641 3975 1743 4118 nium

547 4146 699 4239 aliquem
722 4167 951 4242 comparem,
978 4141 1016 4215 &
1044 4145 1080 4216 in
1104 4144 1354 4218 advocatomm
1376 4139 1544 4218 subselliis
1572 4144 1669 4238 prius
1694 4141 1743 4215 se·

546 4242 665 4325 deam,
690 4243 879 4335 legitimum
898 4241 1008 4336 magis
1024 4241 1168 4331 gradum
1185 4237 1381 4324 inde,Deo
1395 4241 1555 4324 volente,
1581 4241 1626 4316 ad
1644 4241 1745 4312 altio⁴
1809 4321 1812 4328 .

543 4361 582 4414 ra
602 4335 768 4414 failutus.
818 4335 925 4426 Unus¹
945 4336 1032 4426 mihi
1055 4333 1237 4431 scrupulus
1257 4337 1327 4440 eli,
1353 4332 1497 4429 queml
1525 4337 1648 4412 tollme
1663 4354 1743 4430 pota

1655 4455 1715 4505 ero
1726 4480 1741 4516 ,
