3967 5167
540 389 894 561 resvrotn
922 470 988 537 nn
1017 442 1281 538 aaran
1317 439 1693 561 zurceraur

536 622 688 694 alterius
705 639 828 695 mutuo
850 619 1049 704 consulere,
1071 642 1113 692 ac
1124 642 1164 691 ea
1179 613 1394 690 consuetudo
1411 615 1634 710 antiquorum
1649 615 1752 696 etiarn

545 715 627 788 fuit.
678 715 728 789 Et
745 717 835 791 bene
866 719 990 807 Pisones
1016 735 1135 786 monet
1160 714 1337 794 Horatium
1361 707 1388 781 si
1415 711 1501 804 quid
1523 733 1646 784 tamen
1671 717 1755 787 olim

545 812 742 906 scripserit,
766 815 803 884 in
822 814 920 885 Metti
945 808 1130 882 descendat
1149 807 1276 902 judicis
1295 828 1407 878 aures.
1458 806 1552 876 Puer
1569 829 1664 880 meus
1680 813 1765 885 ine·-

542 911 706 1002 deganter
720 904 921 998 descripsit,
946 903 1005 978 sed
1029 925 1143 976 tamen
1161 905 1262 996 legi‚.
1276 902 1404 984 credo,
1421 903 1565 994 poterit.
1617 903 1751 978 Intelli-
1857 993 1860 999 Ι

542 1028 612 1098 rges
630 1005 731 1075 etiam
743 1024 791 1071 ex
807 999 921 1072 nostra
936 995 1140 1093 praefatione
1155 1002 1307 1092 primunt
1325 993 1436 1070 deesse
1455 998 1627 1068 titulum'
1657 1000 1752 1072 Eum

542 1121 619 1190 ‹ego
630 1118 807 1190 utcunque
817 1117 971 1190 grecum
992 1093 1084 1180 feci,
1109 1114 1148 1166 tu
1167 1116 1256 1188 rogo
1274 1093 1355 1166 vide
1371 1113 1408 1162 ut
1425 1094 1598 1185 corrigas,
1625 1091 1754 1190 siquid

543 1197 627 1274 illic
657 1195 832 1273 citatim,
866 1195 924 1264 vel
955 1212 1019 1281 pet
1053 1211 1087 1261 te
1114 1208 1226 1264 totum
1259 1189 1398 1260 titulum
1434 1185 1581 1260 silubet
1613 1213 1752 1278 retexe,

546 1313 636 1360 nam
659 1286 827 1363 irloanot
842 1286 984 1381 prodire
1004 1285 1178 1379 hocopus
1195 1285 1282 1356 mibi
1299 1305 1369 1355 non
1380 1285 1501 1376 placet
1516 1282 1651 1376 Accipe
1666 1311 1753 1381 ergo

547 1384 658 1458 bonis
689 1384 838 1470 avibus,
865 1380 901 1452 &
933 1403 1017 1454 cura
1043 1401 1081 1454 ut
1107 1383 1203 1454 bono
1239 1377 1408 1451 beneficio
1433 1400 1488 1448 me
1514 1377 1755 1490 studiososque
1868 1405 1872 1412 ·

547 1480 770 1551 omnestibi
785 1477 969 1551 devincies.
1022 1477 1062 1548 Si
1077 1478 1163 1548 velis
1187 1476 1238 1548 tui
1257 1476 1468 1546 mentionem
1487 1475 1686 1566 praefationi
1702 1481 1752 1548 in-

547 1569 640 1654 seri,
664 1575 702 1644 id
725 1575 788 1647 tibi
803 1575 968 1668 permitto
986 1592 1027 1644 ut
1053 1571 1124 1664 ipse
1149 1569 1255 1643 facias
1281 1567 1543 1661 quibuscunque
1568 1573 1655 1642 velis
1676 1595 1755 1645 ver·

556 1668 612 1743 bis
630 1667 692 1740 sub
710 1691 790 1742 mea
814 1665 979 1764 persona,
1006 1687 1066 1740 aut
1082 1663 1108 1736 st
1124 1689 1182 1738 rue
1209 1663 1389 1758 separatim
1413 1685 1479 1757 pro
1505 1662 1622 1740 labore
1641 1666 1753 1740 isthoc

549 1765 686 1858 :gratias
704 1763 769 1835 tibi
786 1786 907 1860 agere:
934 1786 994 1835 aut
1018 1759 1042 1834 st
1068 1759 1198 1856 tuipse
1224 1757 1404 1852 epistolam
1427 1756 1618 1853 adjungere
1641 1763 1751 1846 velis,

557 1859 616 1927 vel
640 1857 702 1930 sub
724 1859 869 1930 irruerit·
892 1859 1031 1929 nomine
1054 1858 1124 1928 boc
1150 1875 1278 1950 agere,
1312 1875 1379 1946 ego
1407 1853 1470 1924 tibi
1494 1857 1538 1926 ad
1563 1859 1680 1930 omnia
1704 1857 1754 1928 as·

558 1952 689 2046 sentior
711 1955 763 2024 mi
788 1949 941 2046 Bonifati.
991 1951 1051 2022 De
1075 1949 1250 2024 Methodo
1270 1950 1441 2022 dimittam
1459 1971 1574 2024 tecum
1597 1973 1753 2026 veterent

557 2049 833 2121 contentionem.
883 2047 1020 2119 Tamen
1037 2048 1164 2140 gratias
1188 2044 1253 2116 tibi
1278 2067 1367 2136 ago,
1392 2044 1516 2136 quide
1536 2067 1577 2118 ea
1603 2069 1658 2121 me
1683 2051 1755 2140 pri.

559 2167 636 2214 mus
655 2145 827 2214 monuisti.
876 2141 1007 2233 Neque
1026 2143 1112 2214 mibi
1137 2141 1277 2212 videtur
1304 2139 1427 2210 inutile
1453 2137 1549 2224 sore,
1581 2139 1607 2212 si
1637 2145 1755 2235 paula·

556 2241 622 2310 tim
657 2239 851 2310 studeamus
884 2241 1068 2330 cogitate,
1106 2237 1254 2329 qualiter
1288 2234 1332 2306 ad
1363 2255 1438 2305 eam
1472 2234 1561 2325 Jura
1595 2235 1754 2332 adaptari

558 2332 693 2428 polsrnt.
742 2332 855 2424 quue
884 2333 1030 2425 peritius
1070 2333 1146 2423 post
1170 2351 1286 2403 annos
1316 2328 1452 2421 aliquot
1482 2328 1666 2418 faciemus,
1690 2335 1753 2406 ubi

555 2450 762 2502 caeterarum
788 2429 917 2500 artium
947 2426 1145 2502 Methodus
1174 2421 1331 2518 expolita
1360 2424 1460 2494 nobis
1492 2425 1606 2498 fuerit.
1655 2427 1753 2502 Nam

559 2527 633 2618 eius
658 2522 878 2596 inveniendae
901 2523 1186 2617 explicandaeque
1211 2541 1378 2614 perquam
1405 2518 1589 2594 studiosum
1611 2519 1680 2596 else
1704 2525 1757 2596 vi·

561 2619 629 2690 deo
664 2619 845 2710 Philippum
878 2617 1141 2690 Melanciromm.
1191 2613 1263 2687 Vix
1294 2635 1406 2685 tamen
1438 2613 1476 2686 fit
1512 2617 1596 2688 rnihi
1639 2618 1757 2690 verili-

557 2715 660 2798 mile‚
679 2731 822 2785 veteres
837 2708 1102 2803 jurisconsultos
1122 2708 1399 2783 observantiores
1419 2709 1491 2802 ejus
1506 2709 1622 2794 fuisse,
1647 2713 1755 2807 quitur

557 2804 693 2879 suerint
711 2808 932 2899 coadjutores
958 2805 1149 2905 Jusiiniarri.
1200 2804 1247 2878 Et
1271 2801 1410 2876 difficile
1435 2801 1484 2878 est
1510 2808 1547 2876 in
1571 2824 1668 2880 tanta
1690 2805 1755 2899 Ju-

554 2903 607 2972 ris
640 2899 765 2975 Civilis
797 2900 1023 2986 diversitate,
1050 2903 1295 2994 varietateque
1333 2901 1521 2986 locorum,
1552 2900 1691 2974 casuum
1716 2903 1755 2977 δι

553 3017 757 3092 temporum
790 2999 938 3072 eundern
973 3017 1179 3092 perpetuum
1209 2995 1309 3068 illurn
1336 2997 1499 3067 orationis
1531 2994 1674 3070 dustum
1707 2997 1758 3072 se·
1882 3039 1884 3070 t

554 3093 623 3184 qui
646 3114 717 3186 qud
742 3088 947 3187 Philosophi
977 3095 1032 3165 illi
1061 3091 1256 3160 interemor
1286 3087 1335 3160 usr
1360 3085 1470 3160 suere.
1520 3089 1578 3162 Ad
1602 3115 1658 3165 me
1685 3095 1758 3168 huc

557 3187 726 3284 deinceps
752 3209 824 3260 non
848 3185 995 3275 scribes,
1025 3187 1191 3262 constitui
1215 3187 1311 3259 enim
1337 3180 1449 3258 mense
1487 3181 1643 3260 Ostobri
1672 3190 1757 3264 hinc

560 3281 687 3369 abire,
722 3267 783 3353 nist
812 3302 914 3376 putes
943 3286 1060 3356 literas
1087 3299 1165 3355 tuas
1196 3301 1299 3355 antea
1320 3276 1415 3374 posse
1443 3277 1619 3373 perferri..
1652 3283 1757 3357 Abeo

557 3398 676 3450 autern
699 3377 834 3450 visurus
861 3377 1006 3452 Ftifiam
1034 3401 1164 3466 meam,
1189 3397 1296 3471 atque
1319 3375 1401 3446 inde
1427 3375 1563 3467 Spiram
1597 3399 1643 3450 ex
1674 3380 1759 3451 ami·

559 3496 682 3570 corum
720 3471 863 3548 consilio
908 3476 947 3550 δι
989 3476 1174 3548 voluntate
1220 3470 1353 3544 redibo.
1415 3469 1570 3544 Scribam
1608 3473 1674 3547 tibi
1714 3477 1758 3550 de

560 3567 734 3735 atlas
755 3590 910 3740 tarr
948 3571 1054 3739 aa
1075 3565 1229 3738 alta
1258 3559 1462 3736 sala
1490 3563 1758 3738 elren

559 3759 728 3859 emittere.
740 3687 765 3758 q
777 3757 837 3854 De
855 3691 1050 3856 Ptibissgiis
1069 3759 1232 3860 respondi
1248 3687 1446 3850 slitrommo.
1463 3685 1596 3835 pVale.
1620 3757 1760 3838 Patavii

563 3874 620 3940 as.
644 3854 792 3952 Augusti
816 3879 871 3932 an.
890 3877 993 3952 1533.
