3967 5167
529 575 612 667 ψ
641 546 877 655 vtotn
913 574 979 642 rs
1008 490 1270 644 aurun
1306 543 1675 642 zurcnant

530 742 701 819 adferunt.
752 736 805 818 Et
825 745 927 818 multi
953 745 1152 838 eloquentia
1169 735 1191 828 ,’
1214 765 1293 837 quae
1320 741 1451 814 donum
1481 741 1518 814 δι
1547 741 1732 814 inventum·

531 841 604 914 Dei
621 843 689 927 est,
715 841 759 912 ad
775 840 1043 934 Rempublicam
1069 837 1105 910 dt
1130 838 1350 934 Religionem
1377 839 1600 912 evertendam
1629 835 1729 908 abusi

531 933 620 1009 sunt.
671 935 770 1009 Pium
789 936 838 1008 est
862 939 904 1008 ad
922 932 1090 1009 Ecclestae
1104 931 1200 1006 usum
1219 937 1311 1008 bona
1336 935 1557 1026 relinquere,
1584 930 1643 1005 sed
1664 934 1732 1026 qui
1884 930 1890 1019 J

532 1031 608 1105 lilio
636 1033 860 1105 exhaeredato
897 1029 1075 1104 baetedem
1110 1028 1225 1104 facere
1258 1032 1335 1103 vult
1369 1026 1587 1122 Ecclesiam,
1623 1031 1731 1100 alium
1884 1046 1890 1073 ¹

532 1147 668 1223 quaerat
708 1129 746 1198 ui
764 1125 946 1222 suscipiat,
971 1150 1043 1199 non
1070 1124 1284 1221 Augustinuut
1311 1129 1326 1213 (
1341 1127 1400 1215 3).
1417 1120 1489 1196 Rea
1509 1124 1627 1218 itaque
1645 1125 1732 1196 mul·
1884 1168 1889 1207 ἰ

512 1243 580 1297 ‚tae
596 1151 716 1318 ‘perpe
742 1226 886 1318 optimae
906 1221 1007 1308 sunt,
1034 1218 1094 1294 nist
1114 1223 1292 1296 bominum
1308 1221 1438 1292 malitia
1460 1221 1645 1306 vitientur,
1671 1225 1733 1296 vei

531 1339 649 1392 rerum
667 1319 928 1395 circumstantiae
945 1315 1105 1391 resiliant.
1155 1314 1285 1413 Neque
1302 1339 1359 1390 eos
1381 1313 1568 1389 defendere
1591 1317 1652 1388 blc
1668 1340 1744 1411 vor
1883 1397 1890 1432 Ι

530 1417 588 1503 lo,
612 1412 674 1510 qui
697 1415 859 1501 domum,
883 1437 1054 1500 uxorem,
1077 1413 1206 1486 liberos
1223 1413 1344 1508 inopia
1361 1411 1559 1484 laborantes
1589 1413 1731 1506 religio·

532 1511 589 1585 nis
608 1530 782 1606 praeterttu
810 1510 983 1584 deserunt.
1033 1505 1115 1583 Nec
1141 1507 1354 1583 Batauorum
1378 1503 1504 1581 excuso
1526 1507 1731 1603 improbiter
1884 1534 1889 1549 ·

533 1625 628 1694 tem,
654 1608 716 1702 qui
731 1610 790 1681 vel
804 1606 980 1689 obaerati,
1001 1607 1061 1678 vel
1076 1601 1242 1700 insignem
1261 1608 1411 1699 aliquam
1439 1606 1665 1678 calamitatem
1692 1605 1730 1680 dt
1887 1642 1891 1663 ι

531 1701 701 1798 jasluram
725 1702 828 1798 palli,
849 1723 921 1775 non
962 1702 1132 1794 religione
1176 1699 1345 1783 additu,
1381 1695 1441 1772 sed
1466 1698 1735 1794 desperatione,
1887 1742 1891 1788 .;

534 1796 866 1893 Hierosolymitanae
891 1795 1117 1893 profestionis
1140 1819 1263 1870 votum
1288 1793 1486 1891 suscipiunt.
1527 1795 1640 1889 'Quid
1659 1817 1730 1870 tur·

533 1895 616 1989 pius
635 1894 740 1989 quim
763 1891 912 1990 pacisci,
938 1892 1171 1967 fi‘saivusab
1198 1892 1454 1986 Hierosolymis
1480 1893 1641 1978 rediero,
1661 1917 1736 1988 pro·
1887 1990 1890 2017 ,

380 2023 403 2034 ··
533 2012 608 2063 uno
632 2007 774 2062 nummo
790 1991 914 2064 reddes
930 1987 1119 2065 denarium.
1143 1988 1199 2060 An
1219 1991 1276 2062 bic
1290 1985 1357 2062 else
1373 1989 1488 2082 potest
1505 1991 1732 2084 religio,.ubi

534 2083 712 2161 usurarum
732 2089 769 2160 &
788 2084 934 2160 soenoris
948 2086 1137 2160 conventio
1153 2085 1326 2159 trabitur?
1352 2081 1402 2158 Et
1416 2079 1512 2156 bunt
1526 2085 1597 2158 illie
1616 2089 1677 2157 vul
1703 2087 1732 2160 tl

533 2201 744 2277 praetextum
764 2182 967 2257 decostores
985 2201 1145 2278 quaerunt
1156 2233 1168 2269 ,
1194 2205 1297 2277 quem
1313 2182 1504 2274 improbis,
1528 2111 1702 2254 luxurioli
1714 2221 1731 2238 ·

369 2361 374 2372 Ι
409 2357 413 2366 ‚
533 2277 802 2372 (pecuaribus,
827 2275 866 2352 dt
891 2279 1092 2353 voluntario
1122 2279 1227 2353 exilio
1254 2277 1466 2361 obtendant,
1500 2299 1605 2372 atque
1627 2281 1733 2372 hujus

489 2364 495 2388 ¹
533 2377 828 2469 peregrinationis
852 2372 1004 2448 successu
1021 2372 1115 2542 qpast
1147 2377 1183 2446 in
1207 2377 1382 2470 integrum
1405 2373 1557 2468 pristinae
1578 2372 1732 2447 fortunae

534 2468 715 2546 restituere
739 2471 807 2544 sese
823 2474 983 2568 eupiunt.
1068 2493 1117 2544 on
1132 2471 1294 2565 equidem
1312 2471 1430 2542 laudo.
1478 2469 1524 2540 Et
1545 2471 1646 2544 ualde
1671 2495 1732 2544 ve·

533 2587 630 2654 reor,
655 2590 701 2638 ne
719 2568 839 2641 talium
854 2570 960 2664 impia
974 2569 1210 2661 negotiatione
1225 2567 1383 2638 irritatus.
1395 2565 1515 2652 Deus,
1541 2567 1653 2638 miuus
1668 2563 1734 2640 fae-

533 2663 618 2734 libes
640 2681 781 2736 ventosv
791 2663 1090 2758 proficiscentibus
1105 2665 1277 2737 interdurn
1292 2662 1448 2757 inspiret.
1470 2662 1518 2732 At
1532 2685 1734 2736 tumtunm

532 2754 667 2828 fastum
681 2781 726 2833 ex
744 2761 838 2831 omni
863 2780 962 2854 parte
990 2762 1149 2845 intueor,
1184 2760 1337 2853 undique
1363 2756 1429 2834 sese
1457 2759 1541 2829 mibi
1564 2759 1735 2834 laudandi·

532 2855 675 2926 materia
690 2851 817 2942 offert,
841 2879 911 2929 nec
930 2855 979 2928 est
995 2860 1056 2929 vel
1078 2855 1266 2943 tantillum,
1293 2855 1388 2950 quod
1403 2855 1582 2946 vituperio
1599 2875 1732 2949 pateat.
1813 2925 1822 2940 „
1894 2935 1895 2940 ,

534 2947 596 3020 Tu
621 2969 722 3022 aetate
744 2950 904 3039 floreum,
929 2973 968 3024 tu
986 2953 1028 3023 ad
1045 2948 1137 3025 saera
1154 2951 1358 3036 destinatus,
1384 2969 1425 3022 tu
1439 2951 1568 3021 nullius
1580 2953 1736 3044 priuatae·

535 3043 587 3116 rei
602 3067 687 3118 cura
710 3048 917 3142 impeditus,
949 3067 1022 3118 uon
1051 3047 1142 3120 lucri
1167 3043 1354 3140 cupidine,
1386 3067 1456 3118 non
1486 3045 1738 3122 adolescentiae

535 3139 699 3226 lubrico,
724 3165 793 3215 non
811 3139 1007 3216 inconsulta
1020 3144 1238 3226 temeritate,
1261 3163 1397 3215 tantum
1412 3143 1478 3214 iter
1489 3139 1735 3237 ingreffitses,

536 3236 723 3310 veriamob
738 3240 973 3311 admirabilem
1001 3261 1115 3312 return
1142 3238 1179 3311 bt
1207 3241 1412 3334 religionum
1444 3259 1640 3312 exterarum
1670 3263 1734 3312 to-

536 3331 813 3425 gnol'cendaturu
834 3336 1049 3430 cupidi-nem,
1089 3355 1158 3430 qua
1181 3353 1221 3408 te
1240 3332 1371 3430 semper
1401 3331 1548 3430 flagrare
1576 3337 1734 3409 animad-

536 3431 637 3500 verti.
686 3428 881 3525 Religionis
903 3430 1038 3504 acceslit
1054 3428 1230 3513 stimulus,
1254 3429 1448 3524 invasitque
1467 3429 1671 3504 desiderium
1692 3431 1735 3504 dt

535 3525 664 3617 religio
674 3529 747 3618 ejus
776 3548 881 3599 terrae
901 3529 1074 3611 visenda,
1106 3549 1184 3620 quae
1208 3525 1356 3599 Domini
1380 3527 1484 3598 nostri
1509 3523 1736 3614 Nautium,

536 3619 692 3696 Pallione
713 3623 750 3696 dt
767 3620 1032 3696 resurreetione
1049 3625 1272 3706 celebratur.‘
1307 3625 1425 3717 Atque
1445 3623 1483 3693 in
1502 3623 1583 3696 bot
1596 3646 1735 3718 propo·

536 3716 601 3790 lito
625 3715 973 3798 constantiametiam
987 3738 1081 3790 tuam
1100 3715 1244 3790 laudare
1258 3739 1391 3810 cogor,
1419 3721 1482 3813 qui
1508 3723 1737 3814 complexans

534 3815 629 3887 tibus
671 3813 968 3908 retinentibusque
1000 3834 1036 3885 te
1067 3811 1272 3896 sodalibus,
1305 3815 1448 3910 diraque
1473 3816 1740 3902 omittentibus,

423 3933 435 3956 ⁰
533 3931 745 3984 nontamen
767 3909 814 3984 ab
834 3909 992 3982 instituto
1008 3905 1133 3982 'diuelli
1157 3929 1192 3982 te
1217 3935 1256 3984 es
1277 3908 1418 4004 pallito,
1437 3931 1588 4006 quaeque
1611 3933 1739 3994 tecum

521 4025 662 4100 ‘magno
677 4027 889 4100 conceperas
905 4009 1042 4091 animo,
1068 4007 1198 4101 majore
1216 4029 1380 4080 executus
1398 4031 1446 4079 es.
1487 4005 1590 4095 Quid
1611 4027 1739 4082 autent

534 4103 576 4177 in
589 4123 664 4180 tam·
675 4103 789 4178 nobili
801 4102 1037 4202 laudabilique
1051 4099 1145 4176 fastu
1157 4155 1172 4192 ‚.
1194 4101 1293 4196 quod
1315 4105 1351 4178 dt
1369 4101 1442 4200 ipse
1466 4101 1563 4178 Deus
1583 4125 1738 4274 evequpp

548 4329 777 4416 :lglbocus
793 4329 893 4412 aliia
965 4328 1135 4398 eribus&
1156 4327 1356 4416 Augustini,
1377 4335 1471 4398 serm,
1505 4347 1578 4414 35.
1602 4331 1639 4398 de
1655 4341 1739 4404 tritu

532 4414 569 4489 ὅ
586 4415 696 4518 amni.
721 4402 917 4489 eruerunt.
976 4434 1019 4484 tn.
1039 4431 1072 4506 5.
1091 4413 1143 4512 tol.
1167 4417 1262 4501 1382.
1281 4414 1321 4487 B.
1342 4411 1417 4484 eut.
1434 4349 1678 4504 Perusinum&
