3967 5167
220 425 225 434 ⁵
315 491 514 593 emar.
542 486 847 587 saeeerm
872 507 938 579 a>
966 486 1303 595 anmatos.
1341 525 1426 615 207
1583 495 1589 506 ·

223 721 293 775 tam
314 698 429 773 adhuc
442 696 532 768 vivit
550 690 587 765 &
602 692 714 775 valet,
740 686 915 784 superiore
930 686 1046 763 aestate
1059 689 1237 767 utataeam
1255 698 1421 794 remigra-

222 800 296 878 vit,
318 816 360 867 ae
380 814 490 887 nuper
513 794 558 864 de
581 790 716 861 ratione
737 788 969 859 concionandi
991 788 1100 861 libros
1122 810 1272 884 quatuor
1296 794 1419 870 emeat,

103 906 105 937 ⁵
224 892 348 967 Studia
375 910 491 961 autem
521 888 719 971 literarum,
744 882 876 976 quanti
894 902 996 956 antea
1021 887 1245 960 contentione
1270 889 1307 961 in
1327 889 1419 965 Ger·

103 1020 104 1047 z
223 990 335 1061 mania
361 985 571 1078 surgebant,
596 980 811 1053 tentanum:
835 976 952 1051 rursus
980 976 1223 1072 pessumeunt,
1251 981 1330 1057 cum
1354 1008 1419 1080 per

224 1106 314 1159 nova
337 1084 522 1175 dogmata,
546 1080 663 1171 lingua
677 1076 784 1147 latina
802 1078 896 1169 apud
911 1074 1057 1168 vulgum
1077 1073 1178 1149 fimul
1206 1102 1286 1151 cum
1309 1087 1419 1156 veteri

222 1181 393 1275 religione
418 1180 455 1249 in
475 1175 641 1247 summum
661 1192 902 1265 contemptum
932 1168 1081 1244 deontia
1106 1169 1158 1244 fit.
1206 1171 1344 1248 Notum
1370 1176 1420 1249 est

221 1298 336 1351 autem
357 1272 470 1355 illud,
493 1272 583 1345 bonas
607 1270 665 1337 alit
688 1283 785 1337 atres.
834 1267 882 1339 Et
905 1262 985 1338 crim
1003 1286 1105 1339 antea
1123 1290 1168 1339 ex
1188 1267 1419 1350 Ecclestarum

103 1428 105 1457 ,
213 1368 641 1469 ,proventibus-preclara
657 1364 796 1456 ingenia
815 1364 857 1433 ad
882 1359 1225 1450 discendae-literas,
1251 1366 1421 1441 liberales·

221 1490 291 1563 que
311 1485 401 1559 artes
419 1463 567 1536 enutrita
587 1458 735 1539 suerint,
760 1480 853 1529 nunc
874 1458 941 1527 illis
958 1457 1074 1550 passim
1090 1464 1344 1627 prloanatis,
1368 1466 1420 1539 di.

103 1580 105 1645 ;
222 1564 334 1659 teptis
358 1584 399 1633 ac
423 1558 643 1652 compilatis,
668 1552 825 1647 sumptus
843 1554 888 1623 ad
902 1550 1141 1647 persequenda
1187 1558 1269 1630 odia
1286 1560 1421 1635 desunt.

103 1648 105 1675 *
223 1656 339 1747 Quod
357 1658 407 1728 D.
431 1656 592 1727 Morbium
612 1650 827 1732 salutaveris,
854 1651 983 1723 reetea
1003 1671 1038 1721 te
1056 1648 1184 1725 fadum
1200 1654 1270 1740 est,
1294 1680 1374 1729 nam
1390 1660 1425 1733 ia

103 1764 105 1857 ξ
222 1748 387 1851 prosebid
412 1752 485 1836 vir,
512 1770 582 1821 non
600 1746 798 1841 integritate
815 1764 966 1829 tantum,
992 1742 1049 1816 sed
1070 1748 1264 1851 omnigenis
1279 1776 1423 1848 quoque

103 1862 105 1913 t
224 1848 412 1944 disciplinis
430 1843 739 1941 praestantissimus,
772 1840 808 1915 δι
835 1841 923 1911 aulae
941 1838 1108 1914 Caesareae
1132 1846 1344 1940 precipuum
1364 1850 1424 1921 de·

226 1967 289 2019 eus
317 1942 474 2015 babetur.
531 1939 602 2013 Cui
626 1960 664 2012 tu
690 1960 726 2009 te
753 1934 832 2009 satis
862 1938 1141 2009 commendatum
1169 1940 1236 2014 esse
1264 1942 1424 2039 puta‚s1

228 2040 291 2113 des
308 2058 470 2131 operam,
503 2060 543 2109 ut
568 2057 602 2109 te
630 2036 778 2131 propius
804 2030 951 2115 noscat,
985 2056 1094 2127 quum
1119 2033 1304 2110 dubiorum
1330 2043 1425 2115 viro.

227 2158 307 2207 rum
326 2134 384 2207 sua
401 2132 522 2229 sponte
547 2130 783 2207 amantiffimus
809 2125 861 2202 fit.
887 2126 988 2203 Vale.
1014 2128 1071 2201 Ex
1094 2126 1200 2227 Spita
1221 2158 1256 2224 4.
1276 2135 1425 2213 calend.

228 2231 340 2304 Mart.
364 2252 454 2303 anno
482 2234 586 2321 1536.

315 2545 320 2557 Ι
398 2412 1246 2533 aa1srouauxxv1.

304 2630 1338 2769 ooo-no1ooooouno.
1449 2539 1599 2733 gisb

105 2884 106 2889 κ
234 2830 529 2927 Commemorat
544 2830 718 2916 dolorem
726 2826 850 2941 saum
871 2830 983 2943 qaod
998 2828 1195 2946 Georgius
1212 2855 1423 2947 parentem
1468 2854 1574 2942 1536,
1690 2926 1695 2932 ,

106 2954 107 2985 ¹
279 2944 410 3057 fimas
428 2942 486 3037 ἐφ’
506 2960 783 3059 praeoptarem
805 2942 1007 3055 amiserit,
1039 2974 1210 3065 eamque
1236 2944 1363 3037 barta-
1455 3005 1462 3018 ·

346 3081 419 3147 aar
427 3121 442 3164 ‚
462 3054 734 3169 atstadiaram
752 3054 910 3170 cursam
932 3084 1008 3145 aaa
1025 3065 1310 3175 interrumpat.

318 3282 391 3358 Um
416 3279 515 3357 essem
535 3280 607 3377 jam
630 3279 839 3369 defunditis,
864 3282 1054 3355 charissime
1079 3284 1219 3377 Georgi,
1251 3288 1428 3380 periculo·

108 3428 110 3471 ᾖ
342 3378 378 3452 sa
396 3380 455 3453 iila
477 3374 754 3474 permolestaque
777 3379 961 3473 provincia
979 3379 1075 3470 apud
1089 3378 1274 3454 Proesuiem
1297 3382 1424 3460 Mona·

109 3476 110 3487 ’
232 3474 458 3561 sterieusem,
491 3494 596 3566 atque
629 3474 673 3546 ad
697 3471 915 3549 Assessorium
939 3494 1064 3544 munus
1095 3471 1235 3567 Spiram
1258 3501 1426 3567 vocatus,

234 3572 391 3669 quietem
412 3571 552 3643 tandem
570 3568 764 3666 sperarem,
789 3572 837 3645 ita
849 3569 965 3641 multia
982 3568 1159 3663 principio
1176 3574 1287 3661 cutis,
1312 3575 1427 3649 novis·

235 3692 306 3765 que
322 3666 360 3740 δι
378 3661 587 3739 inconsuetis
608 3664 785 3739 laboribus
802 3665 855 3739 sui
871 3664 1035 3746 obrutus,
1062 3687 1101 3739 ut
1133 3670 1247 3762 optati
1265 3671 1330 3742 otii
1353 3670 1426 3744 fru-
1445 3703 1456 3713 ·

235 3766 310 3838 uus
327 3760 482 3833 nondum
496 3761 586 3833 ¹mihi
604 3761 779 3855 obtigerit.
814 3763 872 3835 Eis
893 3780 1009 3833 tamen
1025 3762 1134 3836 literis
1151 3786 1239 3858 quas
1261 3766 1427 3859 Philippeo

236 3858 483 3951 aneaaiagtn
506 3854 551 3926 ab
576 3855 622 3927 D.
648 3856 858 3951 christophoro
881 3860 904 3907 ⁸
935 3856 1126 3949 attulerat,
1157 3856 1297 3952 aliisque
1318 3884 1338 3933 a
1360 3887 1423 3937 vo·
1451 3890 1598 3972 epm

235 3956 291 4033 bis
310 3976 411 4029 antea
426 3952 472 4023 ad
490 3971 545 4025 me
568 3949 656 4023 datis
680 3950 889 4045 respondere
936 3953 1083 4029 arabem·
1134 3949 1207 4029 Sed
1227 3954 1308 4029 etim
1326 3981 1424 4035 acce-
1450 3966 1573 4044 Georgo

262 4048 355 4125 issem
374 4047 540 4119 nuncium
563 4046 607 4119 de
627 4046 720 4117 illius
734 4048 853 4135 obitu,
877 3974 1010 4121 sublata
1027 4042 1096 4121 fuit
1114 4047 1283 4125 scabendi
1304 4056 1424 4147 cansa,
1449 4066 1579 4125 We·

298 4150 342 4219 ad
357 4168 423 4218 uos
444 4141 539 4215 aliud
563 4146 740 4216 literarum
764 4141 913 4220 succesit
937 4164 1196 4237 argumentum,
1219 4144 1312 4221 triste
1341 4176 1426 4248 pro-
1450 4138 1528 4189 ‘⁰¹²⁸

237 4241 364 4328 sediti,
393 4239 473 4313 &a
523 4260 569 4312 uo
590 4234 684 4335 justo
709 4259 903 4312 commotus
931 4239 1083 4325 dolore,
1108 4240 1154 4314 ob
1178 4244 1303 4339 optimi
1323 4250 1427 4324 amici

238 4344 486 4439 promotorem
537 4354 632 4423 tum,
655 4332 830 4415 abhorrui.
863 4332 1005 4413 Interea
1017 4339 1108 4418 uerd
1124 4338 1211 4417 aliua
1225 4339 1360 4421 secutur
1375 4344 1427 4421 est

253 4450 260 4477 r
343 4464 347 4471 ²
1333 4458 1428 4519 aun-

807 4646 848 4659 θ’·
