3967 5167
513 532 867 688 3861V1GL11
894 554 961 626 tn
990 528 1252 627 aurun
1280 447 1653 627 zutcnatrt

507 740 612 825 tulit,
637 734 842 831 respondeo.
892 728 1150 807 Testimonium
1166 725 1307 807 samillae
1330 730 1415 803 mihi
1438 732 1627 828 aliqnando
1652 756 1716 809 ex·

508 836 682 919 bibitum,
707 832 818 929 quaeri
838 829 914 924 julli
929 856 937 903 :
950 850 1033 901 mm
1059 823 1239 905 confusum
1255 828 1330 901 aliis
1352 824 1488 903 schedis
1505 832 1548 903 ad
1569 852 1713 904 manum

506 954 580 1005 non
606 950 692 1005 erat.
743 926 855 1019 Quod
881 924 1128 999 denobilitate
1151 920 1327 997 afferenda
1351 941 1538 1019 tantopere
1563 950 1601 1002 rs
1622 924 1717 1003 solli-

508 1011 621 1111 citus,
647 1047 720 1097 non
734 1021 840 1097 valde
856 1022 1008 1117 probate
1021 1018 1165 1116 polium.
1216 1018 1348 1107 Quas
1391 1020 1518 1095 lentem
1534 1018 1713 1117 sequitur,

508 1120 744 1215 insequentem
761 1118 865 1213 fugit.
898 1114 1348 1212 thuamdiuPraesrdiso
1386 1116 1442 1189 cio
1461 1115 1717 1208 lunensium,
1825 1163 1835 1186 ·
1901 1122 1902 1129 ’

507 1220 622 1292 nullae
639 1214 894 1290 nobilitationis
912 1215 1045 1297 litterar
1085 1234 1126 1285 to
1144 1213 1265 1285 harum
1281 1208 1477 1306 Regionum
1492 1212 1637 1287 subditis
1652 1238 1713 1289 ex·

439 1404 443 1411 .
507 1313 622 1411 pediti
653 1333 715 1391 ent
741 1310 889 1386 concedi
915 1311 1000 1385 vidi.
1096 1306 1194 1381 erunt
1224 1309 1262 1381 in
1292 1305 1509 1383 Cancellaria
1536 1309 1718 1405 Imperiali

508 1410 709 1503 hujusmodi
726 1410 920 1503 diplomata
942 1406 1100 1516 expediri
1120 1401 1243 1478 solent.
1293 1403 1361 1477 Sed
1384 1404 1501 1515 nescio
1522 1427 1566 1483 au
1582 1430 1621 1483 ea
1637 1428 1715 1519 tarp-

508 1496 1719 1705 nlvlltllltlldnddtnltddlllllnltllll

507 1699 682 1794 pertinet,
716 1699 752 1769 in
775 1694 831 1771 his
855 1693 1052 1772 Provinciis
1076 1690 1233 1767 Comites
1258 1692 1433 1769 Palatinos
1465 1692 1538 1791 (1)
1573 1719 1719 1773 creare:

509 1791 571 1877 sed
593 1794 664 1876 illi,
687 1794 747 1865 vel
767 1816 787 1865 a
806 1787 979 1867 Pontifice
997 1790 1058 1861 vel
1075 1789 1119 1864 ab
1137 1788 1354 1884 Imperatore
1370 1813 1445 1863 eam
1466 1791 1717 1868 authoritatem

397 1976 400 1984 Ι
510 1889 669 1983 accipere
695 1885 960 1964 consueverunt
1012 1882 1126 1973 Quod
1156 1887 1331 1978 serlinges
1354 1884 1431 1981 (2)
1457 1886 1521 1957 tibi
1548 1888 1718 1983 praelatus

511 1980 638 2067 fuerit,
664 2006 785 2059 revera
800 1980 994 2057 nobilitatis
1008 1984 1263 2076 praetogativae
1281 2001 1463 2076 acceptum
1485 1980 1577 2055 serre
1592 1984 1716 2061 debet:

511 2078 717 2174 secutusque
731 2076 793 2153 'est
809 2080 847 2151 in
866 2079 936 2150 boc
953 2077 1034 2150 Rex
1050 2075 1188 2164 noster,
1213 2076 1358 2151 Senatus
1377 2078 1505 2152 Patriae
1521 2077 1648 2153 nostrm
1658 2087 1718 2176 ju·

512 2175 673 2263 dicium,
707 2176 805 2267 quod
835 2172 961 2248 nostris
984 2173 1341 2249 nommendationibus
1373 2175 1569 2266 praevuluit.
1619 2174 1716 2253 Vide

510 2288 650 2354 antem,
674 2271 723 2343 mi
739 2271 902 2358 Iderrde,
927 2290 971 2341 an
996 2290 1069 2341 non
1094 2266 1199 2343 satius
1217 2267 1330 2343 suerat
1358 2292 1475 2345 meum
1499 2268 1596 2367 sequi
1625 2294 1716 2345 con-

509 2364 640 2450 silium,
669 2388 737 2441 nec
760 2386 858 2441 tanta
881 2365 1110 2439 contentione
1136 2361 1417 2439 Consiliatiatum
1440 2384 1523 2441 tunc
1547 2360 1713 2441 ambire?

510 2460 553 2537 ld
581 2461 668 2537 verb
694 2451 857 2558 quotidie·
879 2462 1074 2555 experior.
1108 2484 1180 2541 non
1210 2462 1322 2535 minus
1353 2481 1488 2555 gratam
1519 2460 1582 2541 elle
1606 2486 1711 2537 vere-

511 2558 663 2631 cundam
694 2556 897 2631 modestiam
921 2560 957 2627 in
984 2556 1186 2629 muneribus
1209 2558 1360 2650 publicis
1384 2556 1576 2651 petendis,
1602 2558 1711 2653 quarn·

362 2698 367 2703 -
508 2654 602 2727 illam
628 2656 861 2749 importunam
889 2650 1176 2728 sollicitationem.
1232 2652 1263 2723 F
1263 2653 1409 2727 landriae
1431 2650 1715 2729 Cuufillariatum

509 2751 734 2845 promotione
755 2751 841 2822 novi
866 2745 1026 2821 Praefidir
1053 2748 1124 2842 (3)
1149 2768 1332 2823 vacantem
1359 2751 1624 2843 quatuordecim
1647 2772 1711 2846 pe·

439 2927 444 2936 ,
512 2862 605 2916 tunt.
656 2844 748 2931 His,
774 2843 867 2918 stita
886 2845 1026 2939 cupias,
1051 2844 1197 2917 libenter
1219 2866 1348 2918 nomen
1366 2866 1464 2919 tuum
1483 2844 1628 2922 addam:
1653 2844 1717 2919 sed

510 2960 551 3011 nt
576 2939 712 3012 caeteris
736 2939 955 3035 praeferate,
985 2936 1082 3013 solus
1105 2936 1184 3015 Rex
1206 2938 1368 3033 praestare
1392 2942 1518 3034 potest„
1578 2942 1635 3016 De
1660 2944 1715 3014 in·

451 3108 455 3115 ,
510 3035 699 3109 strumento
718 3086 730 3123 ,
749 3037 973 3145 'Renardt'ane
1003 3035 1144 3144 familiae
1173 3031 1197 3106 st
1224 3036 1281 3145 illa
1312 3038 1545 3149 continente,
1582 3038 1712 3137 gratias

511 3130 724 3333 stffiificfstgi?
747 3129 1290 3300 sslitiifiaboitocsiurliiodcsssecrisiioblet
1312 3132 1716 3323 pprlpritparpupglludpeg

511 3324 563 3395 est
580 3324 687 3395 altera
701 3322 821 3417 Jacott
843 3320 1088 3416 Dooenrriensst-
1107 3242 1188 3417 (4p
1207 3324 1323 3397 multo
1339 3320 1510 3404 exastiott
1529 3326 1591 3401 nist
1612 3329 1709 3426 quod
1763 3416 1768 3426 Ι

510 3440 607 3491 arma
631 3417 846 3509 nonhabet,
870 3439 950 3517 quae
972 3442 1045 3495 non
1068 3416 1173 3495 valde
1193 3442 1319 3495 moror.
1347 3418 1445 3498 Vale.
1475 3442 1529 3512 15.
1555 3424 1715 3534 Decem·

510 3512 582 3591 bris
611 3532 713 3606 1557.
1595 3610 1711 3686 ΕΗ.

510 3724 772 3878 Χῧῆιῗογηίιει
787 3720 964 3809 Palatinos]
993 3726 1049 3794 De
1080 3726 1132 3793 his
1160 3726 1232 3793 dixi
1258 3730 1293 3796 in
1320 3728 1425 3801 Notis
1445 3734 1489 3801 ad
1514 3734 1634 3803 Vitam
1661 3734 1711 3805 N.

555 3892 621 3976 (n)
637 3890 827 3991 ΙΤιαίιὶιρςῳ]
851 3889 896 3957 ab
906 3891 1055 3992 Eilinga,
1075 3892 1211 3972 dostor,
1233 3895 1386 3965 succedit
1399 3899 1436 3965 in
1456 3900 1584 3969 Senatu
1596 3900 1709 3969 urite

512 3974 647 4041 doctori
664 3972 783 4059 Upkurn
803 3996 824 4039 o
846 3972 1026 4043 Burmann.
1047 3976 1128 4044 Tum.
1149 3996 1183 4063 4.
1194 3976 1259 4063 fol.
1280 3996 1353 4063 393.
1372 3983 1439 4066 vso.

557 4058 623 4139 (3)
644 4058 739 4125 Novi
756 4056 920 4143 Praefidis]
955 4060 1014 4144 qui
1040 4060 1106 4127 suit
1142 4064 1273 4145 Jorubtes
1301 4064 1340 4129 dr.
1364 4063 1514 4151 Blosere,
1541 4012 1709 4134 successor

513 4140 646 4216 Aderam
675 4140 747 4207 Van
771 4143 825 4205 der
853 4141 976 4220 Buten,
1004 4144 1041 4209 in
1066 4144 1258 4230 Anglictna
1285 4148 1457 4233 legatione
1487 4154 1568 4220 uita·
1587 4150 1713 4221 runnu

510 4221 604 4294 Send.
644 4221 877 4304 Flendilluslr.
898 4241 970 4293 tout.
992 4246 1021 4293 1.
1041 4247 1116 4297 nour.
1137 4228 1196 4293 edit
1213 4250 1342 4315 p..17t.
1392 4238 1398 4262 ¹
1505 4256 1508 4263 ¹
1589 4254 1593 4262 ·

554 4303 617 4393 (4)
636 4302 746 4386 JW?
763 4307 999 4395 DWWWJ
1009 4310 1032 4391 l·
1044 4305 1179 4395 Trans·
1191 4314 1336 4392 iselam,¹
1350 4316 1713 4405 Georgraphi.,.cojue

340 4416 350 4433 ι
510 4387 589 4457 libri
610 4387 729 4459 omnia
745 4388 885 4473 hujusce
911 4394 1114 4477 provinciae}
1125 4394 1273 4483 Belgicae
1304 4400 1439 4486 oppida
1461 4404 1591 4473 affabre
1625 4402 1709 4470 delii

485 4498 489 4504 ¹
1071 4532 1077 4543 .
1510 4521 1513 4537 ι
1604 4501 1708 4557 neate
