3967 5167
319 434 512 571 unrsr.
543 472 858 572 subactu
886 412 952 570 m
982 460 1312 595 nivenson
1355 486 1434 577 tet

226 652 389 753 tipiens,
420 657 615 734 Anholtum
645 660 816 755 oppidum
845 660 963 742 alluit,
1000 660 1039 737 δι
1072 662 1166 757 apud
1191 660 1435 755 Dpesbergam

162 798 171 826 ι
226 746 361 829 Rheno
385 750 456 826 srve
479 754 664 829 Drusianae
699 754 795 830 foffae
837 756 1077 843 commixtus,
1102 755 1127 828 st
1151 756 1243 830 reete
1273 756 1435 828 observa-

225 848 290 939 vi,
313 870 452 924 retento
469 856 625 938 nomine,
652 850 886 949 Zutpbaniam
904 852 1077 937 decurrit,
1103 876 1207 946 atque
1226 854 1277 927 ibi
1288 876 1434 947 recepto

226 940 399 1031 Berkela‚
425 971 495 1021 non
528 949 675 1045 ignobili
703 973 846 1046 quoque
871 971 999 1033 amne,
1031 950 1069 1025 δι
1096 948 1210 1021 rursus
1241 953 1334 1043 opud
1360 950 1438 1021 Dar

224 1042 399 1117 ventriam
431 1046 620 1141 navigabili
647 1070 788 1141 quoque
822 1048 900 1121 rivo
926 1045 1070 1135 aniius,
1103 1047 1141 1117 in
1169 1042 1299 1129 finum,
1325 1068 1431 1139 quent

220 1157 289 1211 nos
316 1138 584 1215 Meridionalem
615 1164 803 1230 vocamus,
839 1143 1078 1239 provolvitur.
1131 1141 1173 1211 In
1200 1163 1306 1237 quem
1336 1146 1429 1213 haud

216 1232 330 1332 longe
361 1260 503 1332 quoque
537 1235 674 1311 Vecltra
708 1236 870 1327 fluvius,
903 1262 1009 1335 quent
1043 1238 1184 1332 Aquam
1217 1238 1268 1310 ibi
1297 1238 1430 1330 nigram

221 1350 377 1416 vocant,
398 1332 524 1407 influit.
575 1334 609 1406 ls
634 1354 747 1407 autem
768 1332 878 1411 tribue
908 1334 996 1409 infra
1018 1333 1270 1406 Monastetium
1290 1335 1429 1405 miliari-

220 1426 293 1501 bus
317 1430 371 1503 uti
398 1430 584 1525 aliquando
607 1429 811 1513 observavi,
838 1432 932 1528 apud
951 1432 1205 1525 Schoppingeu
1229 1431 1363 1516 oritur,
1387 1452 1429 1501 ac

219 1546 292 1621 per
325 1525 541 1601 Comitatum
566 1525 852 1601 benthemensetn
880 1526 1023 1611 labens,
1057 1525 1272 1601 Dinckulam
1297 1524 1425 1620 (quem

220 1618 351 1715 Hegias
383 1622 468 1695 olim
508 1623 700 1697 celebravit
738 1644 777 1695 ut
809 1626 961 1719 patrium
996 1620 1059 1695 libi
1099 1622 1256 1715 amnem)
1287 1622 1426 1716 recipit.

102 1804 103 1807 Ἴ
216 1708 340 1791 Hunc
363 1714 516 1793 Vidrum
547 1714 615 1795 else
643 1716 827 1815 Vestphali
860 1720 962 1795 etiam
993 1738 1111 1795 tecum
1144 1718 1282 1793 volunt.
1331 1718 1429 1790 luter

117 1834 124 1841 ·
221 1808 347 1887 Isaram
376 1834 494 1889 autern
528 1810 600 1891 sive
633 1810 818 1901 Rhenum,
853 1812 1117 1912 Amasumque,
1148 1816 1264 1887 nullus
1298 1811 1431 1888 fluvius
1528 1874 1532 1889 .

102 1908 103 1911 ’
222 1903 413 1985 Oceanum
430 1908 566 1999 influit,
619 1930 719 1984 taeter
740 1908 932 1987 Lauritiam
950 1914 1102 1987 rivulum
1123 1908 1427 2007 quiGroningen-

102 2028 103 2041 ¹
220 2002 297 2081 sem
314 2030 437 2103 agrum
462 2004 506 2081 ab
526 2032 573 2081 no
604 2032 644 2081 ro
666 2001 889 2083 disterminat.
941 2006 1075 2083 Verum
1093 2010 1191 2095 haec,
1215 2004 1267 2081 mi
1290 2008 1428 2093 Hedor,

102 2136 103 2175 ι
218 2102 342 2177 tabula
359 2102 433 2202 ipsa
455 2102 579 2179 melitis
597 2100 866 2201 repraesentabit.
917 2103 960 2177 In
985 2128 1056 2201 qua
1074 2126 1115 2177 ut
1139 2104 1278 2198 Appiana·
1295 2104 1428 2179 institu-

102 2208 104 2243 l
219 2216 320 2287 tum,
346 2221 513 2299 quantum
540 2202 584 2275 ad
608 2198 750 2274 Frifiam
777 2202 951 2297 pertinet,
976 2204 1140 2296 adjuves,
1172 2202 1297 2273 iterum
1322 2217 1428 2295 atque

220 2295 349 2371 iterum
387 2316 422 2373 te
455 2320 557 2395 rogo.
607 2296 695 2371 Non
716 2296 860 2470 «sulpio
893 2316 1040 2383 autem,
1080 2295 1166 2391 quin
1200 2297 1250 2381 it,
1280 2295 1325 2369 de
1381 2316 1429 2367 uo

102 2406 104 2479 ᾳ
221 2386 405 2490 scripsisti,
429 2394 562 2493 aliquid
589 2394 622 2468 ei
647 2394 794 2469 collatur
819 2391 908 2467 siit.
958 2390 1020 2465 Tu
1044 2393 1152 2467 modo
1177 2388 1235 2465 fac
1257 2412 1298 2466 ut
1326 2414 1374 2463 no
1398 2394 1427 2461 is

102 2502 104 2531 l
218 2487 345 2563 charta
368 2492 485 2585 aliqua
503 2491 788 2569 communicetur.
839 2488 951 2563 Forte
974 2491 1064 2563 verb
1080 2489 1230 2585 aliquem
1247 2487 1352 2560 etiam
1378 2486 1429 2559 ibi

216 2586 377 2658 invenire
394 2586 459 2658 tibi
469 2586 614 2669 licebit,
639 2588 699 2680 qui
717 2587 762 2659 de
781 2588 916 2661 caeteris
940 2583 1059 2659 Frifiis
1069 2636 1083 2673 ,
1109 2587 1222 2681 quiin
1241 2582 1427 2659 Orientem

206 2700 456 2778 procurrunt,
481 2682 613 2779 aliquid
638 2680 702 2755 tibi
731 2678 912 2779 suggerere
927 2683 1049 2777 possit,
1074 2684 1206 2780 quoin
1232 2704 1340 2765 unum
1366 2681 1427 2752 ali-

218 2778 365 2873 quando
387 2777 515 2853 tabulae
538 2802 667 2875 corpur
699 2800 819 2851 omnes
843 2780 1058 2875 complexe,
1091 2778 1320 2875 augustiorem
1348 2772 1424 2873 spe-

184 2952 187 2959 ,
220 2874 311 2954 ciem
349 2876 548 2951 exhibeant.
597 2876 760 2969 Appianas
793 2899 882 2971 opus
910 2874 1040 2971 insgne
1075 2874 1140 2950 sub
1172 2878 1274 2969 prelo
1298 2873 1422 2961 habet,

221 2966 321 3069 quod
338 2968 517 3069 ‘Caesatrum
539 2968 710 3067 inscripfit
733 2970 1000 3067 Adtonitam,
1034 2972 1071 3044 id
1100 2967 1126 3042 fi
1155 2973 1343 3066 aliquando
1369 2971 1423 3043 vi·

221 3064 338 3151 derit,
362 3068 507 3165 dignum
525 3092 605 3143 eunt
617 3068 814 3163 judicabis,
840 3069 937 3164 cujus
963 3089 1127 3152 conatum
1146 3089 1289 3162 quoque
1307 3068 1345 3139 in
1360 3082 1423 3137 no·

219 3164 275 3238 vis
294 3162 340 3237 ad
354 3162 558 3257 Ptolomaeum
574 3164 703 3239 tabulis
725 3162 880 3261 adjuver.
907 3164 1015 3261 Apud
1031 3188 1097 3237 noc
1122 3158 1288 3238 haetenus
1306 3160 1423 3234 omnia

218 3260 409 3357 tranquilla
433 3258 523 3354 sunt.
573 3260 761 3356 Haganoae
787 3258 867 3335 Rex
891 3258 1133 3346 Fordinondus,
1152 3259 1311 3331 evocatis
1335 3279 1421 3329 non·
1503 3328 1507 3335 .

218 3356 325 3430 nullis
358 3354 575 3433 Germaniae·
591 3356 829 3453 proceribus,
869 3360 913 3430 de
940 3352 1191 3450 componendo
1225 3351 1420 3447 Religionis

217 3452 352 3527 diffidio
370 3454 511 3527 comitia
539 3454 697 3527 instituit
746 3452 802 3527 De
830 3452 977 3529 Gelrito
1005 3450 1151 3545 negotio
1181 3444 1342 3524 coniaco
1360 3452 1419 3524 lae-

214 3565 291 3621 tum
315 3568 430 3643 nuper
453 3550 612 3631 nuntium
633 3551 860 3645 accepimus,
889 3550 1020 3623 utinam
1043 3548 1081 3621 δι
1106 3568 1241 3619 verum.
1289 3546 1358 3621 Sed
1381 3548 1421 3626 id

216 3665 290 3719 tuae
306 3640 401 3717 forte
418 3644 542 3718 litterae
560 3644 662 3721 brevi
677 3646 778 3721 nobis
806 3646 935 3719 certius
953 3666 998 3715 ex
1026 3664 1147 3716 onent.
1194 3640 1288 3719 Beue
1314 3643 1424 3729 vale,

217 3739 335 3817 Habet
362 3737 558 3819 Clariilime.
609 3740 667 3819 Ex
685 3744 800 3819 Raina
814 3743 938 3818 ultimo
1010 3741 1057 3816 aii
1087 3756 1192 3833 1540.

214 4398 232 4449 '¹
274 4380 442 4507 unfit·
562 4408 567 4415 ’
