3967 5167
529 560 610 675 196
638 548 872 659 vienn
902 580 969 646 m
1002 504 1681 650 arinn‘zurcuenrr

477 814 488 833 .
521 774 623 848 gant:
649 774 736 847 quos
754 750 844 823 inter
860 747 919 821 ille
947 748 1010 843 qui
1032 745 1093 819 hie
1111 744 1324 841 profitetur,
1351 770 1454 843 quem
1476 746 1732 829 adolescentem

523 850 610 922 nosti
629 850 663 919 in
677 844 924 941 Biturigibus,
950 843 1012 939 qui
1038 863 1130 915 ame
1157 842 1253 916 domi
1268 842 1465 940 susceptus,
1491 850 1600 930 airus,
1625 874 1730 924 orna·

524 967 600 1029 tus,
627 941 805 1025 eruditus,
840 958 1047 1035 promotus,
1072 940 1162 1011 hanc
1184 942 1396 1035 praeceptori
1419 945 1563 1035 gratiam
1591 950 1732 1039 retulit,

524 1062 563 1113 ut
580 1039 659 1113 cum
677 1035 826 1133 primiim
852 1038 935 1128 Ripa
961 1034 1033 1130 (3)
1058 1036 1311 1144 huclappulit,
1334 1059 1414 1135 cum
1439 1060 1482 1109 eo
1503 1038 1734 1135 conspirarit,

525 1160 646 1209 omnes
680 1134 821 1207 schedas
846 1152 938 1205 meas
971 1133 1317 1218 communicaverit,
1358 1132 1537 1226 ambiguas
1562 1158 1669 1212 voces
1694 1145 1734 1214 in
1794 1174 1800 1179 ·
1884 1205 1885 1212 ,

524 1234 671 1326 vulgum
686 1227 866 1326 sparserit3
878 1228 1036 1301 breviter
1047 1246 1143 1299 tanta
1153 1250 1209 1299 me
1217 1229 1342 1321 injuria
1359 1226 1534 1314 affecerit,
1552 1251 1593 1303 ut
1608 1256 1733 1329 parum

525 1326 708 1412 abfuerit,
743 1326 829 1420 quin
857 1320 980 1396 dolore
1006 1321 1308 1417 &indignatione
1336 1326 1511 1421 percitus,
1535 1330 1656 1423 legalis
1672 1334 1731 1409 ,sa-

555 1422 672 1498 ientiae
690 1422 789 1495 libris
806 1420 976 1514 Loripedi
993 1420 1061 1492 deo
1079 1419 1346 1508 commendatis,
1372 1424 1561 1516 compedes
1578 1423 1732 1503 Saturno

525 1450 789 1615 Fuipenderem,
813 1512 852 1589 δι
876 1538 931 1588 me
958 1516 1030 1587 ruri
1050 1516 1256 1604 conderem,
1281 1536 1322 1589 ut
1347 1519 1504 1591 dicerent
1530 1524 1735 1614 praeterien.

526 1638 609 1698 tes,
635 1614 699 1687 Hir
711 1622 799 1710 fitur
814 1612 960 1685 Altinius
982 1610 1018 1683 ’t.
1044 1608 1114 1684 Sed
1135 1610 1196 1683 Dii
1211 1612 1366 1691 meliora.
1417 1612 1538 1687 Potius
1557 1620 1644 1709 Ripa
1659 1620 1733 1714 ipse

529 1710 612 1783 situs
631 1711 688 1795 est.
738 1706 867 1782 incidit
896 1710 932 1781 in
950 1707 1088 1798 perior,
1119 1707 1212 1781 unde
1237 1708 1397 1781 conceffit
1422 1706 1504 1784 fato.
1533 1710 1617 1808 (4)
1650 1716 1733 1791 Nec

530 1808 656 1881 dubito
680 1802 779 1887 fore,
813 1804 897 1897 quin
923 1804 961 1879 δι
985 1804 1046 1878 iste
1063 1806 1273 1899 quandoque
1299 1802 1452 1879 similiter
1471 1804 1658 1883 afficiatur:
1684 1816 1735 1886 est

529 1906 622 1979 enim
652 1898 743 1980 dion
771 1900 976 1993 φςειυπληξ,
1011 1900 1326 1995 conciliaveratque
1339 1924 1400 1974 eos
1423 1900 1641 1989 denomino.
1667 1908 1735 1984 sed

529 2001 616 2097 quid
640 2024 707 2095 ego
731 2002 807 2071 haec
834 1999 870 2069 in
899 1996 1007 2069 finum
1031 2016 1130 2068 tuum
1150 1992 1320 2080 effundo,
1355 2000 1415 2095 qui
1432 2004 1651 2094 gravioribus
1676 2029 1738 2080 ne.

556 2089 636 2169 otiis
660 2115 874 2191 occupatus,
899 2094 992 2167 haud
1016 2092 1128 2165 otium
1149 2090 1257 2164 habes
1274 2093 1470 2188 hujusmodi
1488 2096 1733 2175 auscultandi!

530 2118 583 2265 {t
607 2190 743 2287 possum
766 2191 887 2285 paucis
909 2209 945 2262 te
969 2186 1169 2273 absolvere,
1192 2184 1434 2283 fissmpliciter
1456 2194 1591 2282 dicam,
1615 2199 1736 2270 multis

529 2310 586 2361 me
609 2286 715 2361 causis
734 2288 883 2371 moveri,
907 2304 947 2357 ut
962 2286 1149 2357 editionem
1167 2304 1334 2378 premam.
1368 2285 1429 2359 Ne
1445 2309 1561 2362 tamen
1577 2292 1640 2364 tibi
1655 2316 1734 2366 om-

529 2404 610 2456 nem
633 2380 729 2481 spem
752 2383 853 2477 hujus
879 2384 927 2453 rei
951 2380 1164 2477 praecidam,
1197 2381 1255 2452 hae
1278 2404 1335 2455 me
1364 2385 1513 2457 rationes
1534 2386 1581 2458 ita
1610 2410 1735 2463 move-

528 2480 638 2567 bunt,
664 2478 688 2551 fi
711 2502 749 2552 tu
774 2500 830 2551 eas
853 2476 1116 2573 approbaveris.
1165 2472 1335 2573 Alioquin
1353 2478 1447 2551 dabo
1472 2502 1611 2567 manus,
1634 2482 1673 2555 dr
1693 2484 1735 2558 sr-

532 2595 612 2653 nam
632 2573 767 2673 aliquid
783 2574 898 2649 exire:
924 2574 1024 2671 quale
1035 2571 1085 2645 est
1100 2570 1145 2644 de
1163 2572 1337 2649 Verborum
1356 2576 1615 2673 obligationibus..
1627 2577 1734 2693 Nosti

1385 2696 1390 2707 ’
1645 2698 1738 2751 emm

499 2824 503 2837 ¹
575 2852 639 2937 (3)
662 2850 769 2939 Ripa]
794 2850 943 2949 Joannes
958 2848 1159 2917 Franciicus
1174 2848 1205 2918 i.
1225 2846 1490 2936 Iurisconsultus
1500 2856 1605 2941 primi
1622 2859 1734 2927 nomi·

534 2936 597 3001 uis.
639 2936 682 3003 V.
706 2934 876 3001 advitam
898 2934 976 3003 eod.
999 2934 1046 3002 N.
1067 2935 1162 3002 XVI.
1183 2935 1226 3001 ad
1246 2952 1279 3015 5.
1300 2955 1337 3019 p,
1356 2954 1410 3019 72.

579 3016 639 3103 (4)
663 3018 749 3085 Unde
775 3038 854 3114 tonte
878 3032 901 3081 rr
927 3016 1033 3115 foto]
1055 3018 1161 3083 Anno
1188 3036 1314 3114 nempe
1345 3038 1438 3107 1534.
1467 3022 1593 3091 Mortis
1651 3043 1735 3093 enus

535 3102 547 3167 i
573 3118 732 3169 noratum
762 3100 830 3169 furt
881 3098 1043 3199 adenus„
1070 3101 1141 3167 Hic
1168 3100 1269 3168 drscrs
1289 3122 1370 3168 eum
1396 3123 1572 3172 amentem
1602 3043 1735 3175 offitiis.

538 3271 545 3283 ·
571 3185 642 3280 pud
664 3184 770 3281 Erant.
792 3184 974 3279 Sweernurn
1003 3182 1113 3331 ipisci.
1132 3186 1212 3283 orbis
1238 3185 1347 3281 deiiqiis
1361 3204 1397 3270 p.
1422 3194 1492 3257 180.
1509 3190 1599 3257 hanc
1623 3193 1731 3293 haires

536 3266 794 3419 esaeiae
808 3269 1736 3453 aare?cerneeisserrerremzerr

536 3435 644 3501 Palm.
664 3434 781 3501 Heleno
805 3432 934 3501 Genttlrs
950 3452 1050 3510 uxor,
1072 3434 1106 3502 d
1130 3432 1307 3503 Vi.1eerr.
1484 3452 1488 3460 ·
1612 3458 1617 3464 ·

769 3675 779 3689 .
800 3600 904 3675 Hoc,
927 3599 1067 3685 hospes,
1088 3614 1190 3687 potes
1210 3601 1376 3670 aestimare
1395 3602 1498 3705 saro,

799 3703 952 3771 Humani
975 3701 1060 3769 nihil
1074 3706 1139 3773 effe
1156 3705 1446 3797 monadorum„

542 3874 579 3941 Si
599 3870 681 3955 quid
697 3868 861 3937 lectorem
879 3868 1044 3947 offendit,
1067 3880 1127 3935 aut
1142 3882 1238 3938 certe
1255 3886 1449 3939 remoratur
1471 3872 1508 3939 in
1535 3876 1601 3943 hac
1617 3876 1736 3946 inscri-

569 3958 680 4033 tione,
703 3952 787 4021 sciat
804 3952 896 4037 apud
912 3950 1096 4019 Sweerrium
1110 3953 1232 4021 vitiosa
1252 3956 1317 4022 effe
1338 3955 1572 4037 muitavaide,
1592 3979 1668 4043 quae
1690 3981 1738 4030 ne

588 4040 690 4121 *dipus
707 4038 845 4121 quidem
857 4036 1002 4103 divinet.
1035 4036 1227 4117 sedeces,
1248 4054 1483 4139 opportunum
1496 4042 1624 4109 accidit
1661 4047 1736 4115 uod

542 4124 636 4209 apud
650 4122 799 4187 amicum
813 4118 905 4187 forte
917 4119 1058 4187 fortuna
1071 4122 1205 4205 inspexi
1220 4124 1411 4192 editionem
1428 4126 1510 4190 anni
1525 4130 1616 4210 1625.
1681 4142 1740 4196 tor

540 4222 667 4289 nempe
682 4204 835 4271 editione
849 4205 1086 4272 anni1608.ln
1112 4206 1171 4270 iiia
1186 4206 1291 4291 igitur
1309 4209 1375 4276 ita:
1399 4208 1537 4275 Sennton⁸
1549 4208 1631 4277 Duc.
1648 4210 1737 4281 Com.

540 4288 694 4356 Palatino.
736 4286 932 4372 Quod-est:
962 4286 1265 4383 inpedimenti,
1292 4290 1403 4358 Comirr'
1424 4290 1577 4361 Palatino.
1617 4291 1740 4363 Fuerit

542 4390 668 4457 nempe
692 4370 828 4437 senator
847 4370 962 4454 Papiae
981 4368 1050 4437 ssve
1073 4370 1203 4443 Ticini.
1243 4374 1319 4459 Qui
1344 4374 1393 4444 ibi
1413 4374 1627 4457 Senatores,
1656 4380 1736 4448 hia

538 4454 641 4527 Duce
661 4454 881 4526 Venetorum
901 4452 1128 4540 deputantur.
