3967 5167
514 504 540 603 a
626 482 862 593 vrouu
899 507 964 575 n
993 474 1658 583 nsrun'zurcuunr

484 764 488 771 ,
521 681 718 759 Maluissem
737 706 782 757 ex
797 679 962 777 prasenti
986 698 1107 753 tecum
1128 678 1445 775 colloquioaliqua
1468 683 1604 757 notitiae
1618 682 1715 759 semi·

458 784 467 794 ’
519 806 565 855 na
581 778 719 877 jecisse,
745 790 927 874 antequam
952 774 996 847 ad
1019 774 1235 848 scribendum
1254 773 1383 849 absenti
1399 780 1612 853 accederem.
1645 780 1716 854 Sed

518 902 614 951 nunc
637 880 851 958 voluntatem
871 896 981 947 meam
1002 892 1197 945 remoratur
1213 870 1412 947 Basileensts
1440 876 1628 950 tumultus:
1657 876 1718 949 ali·

520 975 663 1071 quando
683 995 794 1045 tamen
813 994 869 1043 me
885 970 1028 1043 beatum
1045 968 1202 1064 putabo,
1220 966 1291 1042 stte
1308 967 1428 1044 videre
1443 990 1581 1066 potero.
1606 972 1719 1068 Quod
1749 984 1753 992 '
1845 972 1851 990 ⁴

521 1093 603 1145 cum
622 1067 693 1165 ipse
708 1073 777 1164 jam
791 1069 853 1141 diu
865 1063 1109 1150 defiderarim,
1133 1086 1210 1138 tum
1232 1086 1287 1137 me
1308 1085 1454 1162 patruus
1472 1069 1612 1163 quidam
1623 1093 1721 1145 metu

521 1164 614 1261 saepe
628 1169 788 1239 hortatus
804 1162 864 1237 est.
898 1158 934 1235 Is
952 1160 1022 1233 fuit
1034 1160 1217 1233 Bernurdus
1231 1160 1337 1235 Bucho
1358 1160 1524 1237 Decanus
1543 1167 1579 1238 in
1598 1163 1718 1264 Haga·

523 1257 694 1351 Comitis,
720 1265 819 1356 cujus
842 1256 1040 1352 benignitas
1064 1254 1176 1330 studia
1198 1278 1274 1329 mea
1291 1255 1427 1353 semper
1442 1260 1539 1338 aluit.
1588 1260 1720 1359 Nuper

520 1380 607 1434 vero
626 1381 670 1432 ex
687 1358 781 1431 vivis
795 1352 977 1429 discedens
992 1348 1177 1427 tsistiffimo
1207 1354 1329 1427 mortis
1353 1354 1424 1429 snae
1448 1359 1579 1433 nuncio
1593 1382 1651 1434 me
1669 1359 1720 1435 af·
1758 1368 1780 1405 ’-

399 1472 402 1479 ·
518 1455 625 1538 secit,
650 1450 839 1528 liberaliter
868 1472 983 1525 tamen
1010 1449 1199 1523 studiorum
1227 1472 1385 1523 meorum
1413 1453 1598 1549 impendiis
1623 1457 1724 1531 testa.

525 1571 646 1625 mento
660 1546 850 1645 prospexit.
899 1545 1038 1619 Vellem
1056 1562 1091 1619 te
1114 1544 1323 1645 intelligere.
1338 1548 1507 1641 quantum
1526 1553 1556 1624 is
1579 1569 1614 1625 te
1631 1576 1722 1627 ama·

523 1650 589 1733 sit,
615 1668 718 1743 quum
743 1646 890 1719 fideliter
908 1662 1032 1716 contra
1045 1639 1182 1715 insanos
1199 1640 1368 1735 quosdam
1384 1642 1574 1720 crabrones
1598 1646 1720 1724 desen·

527 1742 636 1829 derit,
662 1763 740 1813 nam
772 1740 810 1815 dt
835 1761 878 1813 ex
898 1738 975 1835 ejus
1002 1738 1141 1811 nomine
1165 1739 1210 1810 de
1237 1760 1298 1812 tua
1316 1738 1530 1834 benignitate
1556 1750 1722 1841 maiorem

527 1840 623 1937 spem
650 1840 883 1934 conciperem.
934 1834 1073 1908 Tamen
1096 1854 1171 1906 eam
1197 1850 1246 1912 tu,
1260 1856 1344 1930 erga
1368 1853 1496 1913 ⁴omnes
1522 1843 1724 1918 comitatem

526 1940 602 2033 prae
626 1956 662 2011 te
679 1932 778 2023 sers,
803 1950 925 2005 utnon
939 1932 1086 2005 aliorum
1104 1928 1316 2005 adminiculo
1327 1954 1418 2027 opus
1434 1932 1499 2022 sit,
1523 1934 1584 2011 sed
1601 1959 1724 2035 tuapte

528 2050 651 2107 natura
667 2032 718 2104 ad
742 2020 974 2103 iedamaudos
997 2027 1155 2101 homiues
1173 2025 1226 2099 tui
1243 2025 1412 2104 studiosos
1430 2033 1645 2109 admonearis
1662 2040 1726 2110 im·

462 2202 471 2235 ·
528 2127 748 2227 pellarisque.
787 2124 952 2201 Confido
968 2127 1109 2220 itaque,
1132 2122 1350 2199 eruditissime
1363 2124 1523 2221 ‘Erosium
1547 2127 1615 2205 effe
1628 2154 1665 2207 te
1679 2152 1728 2204 a.

403 2303 406 2312 .
529 2247 603 2321 quo
632 2229 748 2299 animo
762 2220 1007 2318 suscepturum
1040 2222 1132 2293 hanc
1154 2242 1265 2292 meam
1298 2220 1507 2316 epistolam,
1532 2227 1609 2319 qua
1632 2250 1728 2302 com.

530 2318 621 2420 pulsi
638 2319 776 2408 umus,
796 2342 899 2415 quem
911 2338 1000 2412 erga
1014 2337 1051 2389 te
1065 2318 1216 2410 gerimus
1231 2313 1393 2389 affenum
1405 2342 1620 2414 expromere.
1645 2322 1730 2398 Nec

348 2415 351 2429 ⁸
403 2508 404 2513 Ἰ
529 2420 663 2495 diutius
674 2442 730 2491 rne
740 2418 843 2514 potui
858 2412 922 2508 (ut
933 2437 979 2486 ex
996 2416 1110 2483 animo
1120 2410 1271 2507 loquar)
1297 2415 1493 2502 continere,
1518 2419 1605 2511 quin
1621 2442 1730 2513 quan'·

531 2536 659 2611 topere
690 2538 726 2589 te
757 2534 926 2595 amarem,
944 2507 1089 2603 epistola
1116 2510 1276 2593 testarer,
1302 2532 1382 2583 cum
1413 2534 1459 2585 ex
1478 2514 1548 2585 tuis
1576 2512 1728 2603 schedis3
1782 2515 1784 2524 '

534 2634 620 2707 quas
649 2612 751 2683 multi
775 2604 987 2681 Philetasmii
1003 2629 1083 2678 curn
1104 2604 1209 2677 Cereio
1234 2604 1407 2699 legimus,
1433 2608 1617 2683 nebulonis
1632 2612 1729 2685 istius

534 2706 589 2780 H.
615 2706 658 2777 E.
685 2707 878 2803 improbam
894 2702 1083 2799 nequitiam
1105 2722 1149 2772 eo
1198 2699 1352 2774 osceretn
1375 2701 1462 2798 (1).
1487 2704 1592 2799 Saepe
1609 2714 1730 2801 prote

536 2822 660 2878 contra
681 2800 730 2874 N.
765 2800 937 2883 stetimus,
963 2798 1026 2891 qui
1046 2794 1112 2868 sin
1168 2797 1214 2867 ris
1236 2794 1481 2892 obtemperare
1504 2794 1731 2879 consiliisvo*

536 2897 671 2983 luisset,
696 2900 732 2971 in
750 2899 841 2971 viam
862 2895 1001 2967 rediens
1026 2891 1247 2987 spontaneum
1275 2890 1364 2965 banc
1389 2891 1565 2969 infamiam
1598 2903 1730 2984 evitare

535 2992 710 3093 potuisset.
763 2991 920 3082 Quando
937 2987 984 3062 fic
1001 2992 1096 3071 vult,
1122 2985 1266 3059 accedat
1290 3006 1352 3061 tuo
1377 2994 1560 3088 catalogo,
1586 2996 1622 3067 in
1653 3020 1727 3092 quo

537 3094 735 3187 hujusmodi
754 3106 918 3184 portenta
931 3085 1077 3178 posteris
1094 3106 1132 3155 es
1146 3100 1230 3155 nota
1250 3083 1463 3160 redditurus.
1512 3086 1592 3164 Oro
1610 3090 1742 3166 autem*

539 3208 598 3273 te,
623 3185 810 3261 dolliffime
835 3179 987 3273 Emsm,
1024 3198 1070 3250 ne
1095 3200 1139 3251 ex
1167 3178 1370 3274 hujusmodi
1391 3182 1584 3259 belluarum
1616 3186 1730 3262 insana

536 3286 722 3359 virulentia
748 3281 792 3355 de
816 3276 1050 3353 candidissimo
1082 3274 1199 3347 nostro
1233 3300 1314 3371 erga
1341 3296 1376 3350 te
1404 3283 1548 3373 pestore
1582 3282 1730 3362 diffidas.
1857 3306 1860 3311 ·

539 3379 767 3473 Quicumque
783 3377 848 3449 tibi
859 3375 947 3447 male
958 3375 1040 3445 vult
1047 3422 1060 3459 ,
1085 3394 1164 3444 enm
1184 3373 1222 3446 δι
1248 3390 1312 3444 nos
1338 3375 1469 3447 hostem
1491 3378 1645 3451 nostrum
1662 3381 1731 3455 esse

535 3478 728 3573 judicamus
762 3471 850 3567 (a).
885 3469 991 3543 Nunc
1018 3471 1055 3542 id
1086 3465 1222 3557 scribo,
1255 3490 1295 3541 ut
1326 3469 1505 3565 epistolam
1530 3474 1594 3568 tibi
1614 3476 1733 3553 extoo'

537 3592 685 3669 queam,
710 3586 843 3643 tantum
859 3568 948 3640 enirn
971 3584 1148 3657 nunquam
1160 3563 1295 3659 sperare
1307 3563 1379 3637 sum
1394 3566 1514 3653 ansus,
1538 3566 1599 3643 sed
1614 3592 1656 3646 ut
1670 3581 1733 3648 me'

536 3662 765 3767 prosufillimb
781 3684 816 3739 te
841 3684 954 3736 amare
970 3660 1164 3755 intelligas,
1187 3681 1418 3757 paratumque
1428 3662 1494 3739 eise
1517 3686 1558 3739 ut
1579 3674 1652 3764 pro‘
1676 3668 1732 3744 'vs'

1675 3770 1734 3863 ¹³¹1.

578 3943 641 4031 (1)
665 3941 745 4028 Saepe
760 3958 819 4028 pro
840 3954 868 4005 te
889 3954 989 4005 contro
1010 3938 1075 4006 Lu.
1097 3936 1160 4007 Ca.
1175 3938 1334 4023 stetimus,
1355 3946 1409 4025 qui
1430 3940 1463 4023 fi
1489 3940 1594 4024 uostris
1621 3944 1736 4012 ultan·

496 4054 506 4081 ι
532 4048 640 4116 perora
657 4026 780 4109 consiliis
798 4022 958 4107 voluisset,
977 4028 1011 4087 in
1034 4030 1125 4091 viam
1144 4024 1256 4090 radietas
1268 4024 1463 4110 spontaneam
1482 4027 1556 4092 bam
1578 4028 1728 4113 miseriam

539 4114 574 4183 Θ
584 4110 745 4196 infamiam
764 4114 881 4175 evitare
893 4108 1043 4192 potuiffst.
1086 4108 1227 4176 Ponatur
1245 4115 1346 4189 iraque
1364 4106 1466 4172 Lucii
1486 4107 1648 4179 Catilinae
1661 4121 1731 4189 exi,-

471 4214 475 4228 ·
531 4213 591 4277 323
615 4196 649 4263 ες
668 4191 785 4277 quanm
802 4191 933 4274 firvult
951 4190 1020 4260 διε.
1041 4192 1094 4257 Ita
1119 4193 1212 4255 inter
1229 4206 1335 4272 opera
1361 4188 1488 4258 Erasmi
1513 4194 1595 4262 edit.
1617 4196 1729 4285 Lugd,
1849 4282 1853 4287 ³

536 4280 612 4359 Bat.
634 4292 688 4343 an.
711 4291 804 4360 1703.
825 4274 901 4341 Nos
920 4274 1093 4359 sequimur
1114 4272 1197 4339 MS.
1219 4270 1381 4340 nostrum.

568 4360 639 4450 (a)
660 4358 729 4427 Nec
747 4358 781 4425 id
793 4376 869 4426 nune
877 4358 992 4445 scula,
1011 4370 1046 4424 ιιι
1067 4352 1138 4425 dec.
1159 4356 1212 4424 lta
1234 4356 1272 4423 in
1292 4358 1368 4427 ead.
1388 4356 1473 4426 edit.
1492 4358 1535 4427 Et
1551 4360 1687 4434 relisus.
1716 4378 1723 4386 ·
