<?xml version="1.0" encoding="UTF-8"?>
<!DOCTYPE html PUBLIC "-//W3C//DTD XHTML 1.0 Transitional//EN"
    "http://www.w3.org/TR/xhtml1/DTD/xhtml1-transitional.dtd">
<html xmlns="http://www.w3.org/1999/xhtml" xml:lang="en" lang="en">
 <head>
  <title>
</title>
<meta http-equiv="Content-Type" content="text/html;charset=utf-8" />
  <meta name='ocr-system' content='tesseract 3.04.00' />
  <meta name='ocr-capabilities' content='ocr_page ocr_carea ocr_par ocr_line ocrx_word'/>
</head>
<body>
  <div class='ocr_page' id='page_1' title='image "./vitavigliiabayt04papegoog_0035.png"; bbox 0 0 3967 5167; ppageno 0'>
   <div class='ocr_carea' id='block_1_1' title="bbox 293 418 1672 635">
    <p class='ocr_par' dir='ltr' id='par_1_1' title="bbox 293 418 1672 635">
     <span class='ocr_line' id='line_1_1' title="bbox 293 418 1672 635; baseline 0.001 -40"><span class='ocrx_word' id='word_1_1' title='bbox 293 418 297 425; x_wconf 30' lang='lat'><em>¹</em></span> <span class='ocrx_word' id='word_1_2' title='bbox 409 584 412 593; x_wconf 13' lang='grc' dir='ltr'><em>Α</em></span> <span class='ocrx_word' id='word_1_3' title='bbox 529 536 583 635; x_wconf 68' lang='grc' dir='ltr'>ιρ</span> <span class='ocrx_word' id='word_1_4' title='bbox 638 428 1672 601; x_wconf 64' lang='lat' dir='ltr'>vrourrssrnaurrazurcnuur</span> 
     </span>
    </p>
   </div>
   <div class='ocr_carea' id='block_1_2' title="bbox 527 686 1732 887">
    <p class='ocr_par' dir='ltr' id='par_1_2' title="bbox 527 686 1732 887">
     <span class='ocr_line' id='line_1_2' title="bbox 527 686 1732 792; baseline 0 -19"><span class='ocrx_word' id='word_1_5' title='bbox 527 693 714 783; x_wconf 74' lang='lat' dir='ltr'>durarem,</span> <span class='ocrx_word' id='word_1_6' title='bbox 738 697 861 792; x_wconf 66' lang='lat' dir='ltr'>quanti</span> <span class='ocrx_word' id='word_1_7' title='bbox 884 694 1056 789; x_wconf 80' lang='lat' dir='ltr'>Erasmam</span> <span class='ocrx_word' id='word_1_8' title='bbox 1093 686 1538 791; x_wconf 74' lang='lat' dir='ltr'>faciam.11³0rroparui</span> <span class='ocrx_word' id='word_1_9' title='bbox 1569 698 1637 771; x_wconf 78' lang='lat' dir='ltr'>mel</span> <span class='ocrx_word' id='word_1_10' title='bbox 1666 701 1732 775; x_wconf 81' lang='lat' dir='ltr'>Bt·</span> 
     </span>
     <span class='ocr_line' id='line_1_3' title="bbox 530 790 1730 887; baseline 0 -19"><span class='ocrx_word' id='word_1_11' title='bbox 530 797 656 879; x_wconf 79' lang='lat' dir='ltr'>claris,</span> <span class='ocrx_word' id='word_1_12' title='bbox 680 795 738 867; x_wconf 90' lang='lat' dir='ltr'>coi</span> <span class='ocrx_word' id='word_1_13' title='bbox 771 814 886 869; x_wconf 82' lang='lat' dir='ltr'>tecum</span> <span class='ocrx_word' id='word_1_14' title='bbox 909 794 993 869; x_wconf 85' lang='lat' dir='ltr'>olim</span> <span class='ocrx_word' id='word_1_15' title='bbox 1023 815 1093 865; x_wconf 91' lang='lat' dir='ltr'>non</span> <span class='ocrx_word' id='word_1_16' title='bbox 1119 794 1256 887; x_wconf 78' lang='lat' dir='ltr'>ingrata</span> <span class='ocrx_word' id='word_1_17' title='bbox 1281 790 1499 869; x_wconf 85' lang='lat' dir='ltr'>consuetudo</span> <span class='ocrx_word' id='word_1_18' title='bbox 1523 794 1730 885; x_wconf 82' lang='lat' dir='ltr'>interceffit,</span> 
     </span>
    </p>
   </div>
   <div class='ocr_carea' id='block_1_3' title="bbox 442 886 1732 987">
    <p class='ocr_par' dir='ltr' id='par_1_3' title="bbox 442 886 1732 987">
     <span class='ocr_line' id='line_1_4' title="bbox 442 886 1732 987; baseline 0.003 -22"><span class='ocrx_word' id='word_1_19' title='bbox 442 942 455 965; x_wconf 93' lang='lat'><strong>.</strong></span> <span class='ocrx_word' id='word_1_20' title='bbox 530 892 652 965; x_wconf 87' lang='lat' dir='ltr'>eadem</span> <span class='ocrx_word' id='word_1_21' title='bbox 669 891 871 963; x_wconf 72' lang='lat' dir='ltr'>exhortatio</span> <span class='ocrx_word' id='word_1_22' title='bbox 890 886 978 974; x_wconf 83' lang='lat' dir='ltr'>fuit,</span> <span class='ocrx_word' id='word_1_23' title='bbox 1001 889 1234 966; x_wconf 80' lang='lat' dir='ltr'>utlitteratio</span> <span class='ocrx_word' id='word_1_24' title='bbox 1258 886 1373 965; x_wconf 86' lang='lat' dir='ltr'>studio</span> <span class='ocrx_word' id='word_1_25' title='bbox 1396 893 1545 985; x_wconf 81' lang='lat' dir='ltr'>gloriam</span> <span class='ocrx_word' id='word_1_26' title='bbox 1580 892 1732 987; x_wconf 74' lang='lat' dir='ltr'>aliquam</span> 
     </span>
    </p>
   </div>
   <div class='ocr_carea' id='block_1_4' title="bbox 531 980 1735 1275">
    <p class='ocr_par' dir='ltr' id='par_1_4' title="bbox 531 980 1735 1275">
     <span class='ocr_line' id='line_1_5' title="bbox 531 980 1730 1083; baseline 0.003 -24"><span class='ocrx_word' id='word_1_27' title='bbox 531 1008 685 1083; x_wconf 76' lang='lat' dir='ltr'>quaerere</span> <span class='ocrx_word' id='word_1_28' title='bbox 713 986 920 1061; x_wconf 87' lang='lat' dir='ltr'>conniterer.</span> <span class='ocrx_word' id='word_1_29' title='bbox 971 980 1124 1080; x_wconf 89' lang='lat' dir='ltr'>Idipsum</span> <span class='ocrx_word' id='word_1_30' title='bbox 1162 1008 1249 1059; x_wconf 86' lang='lat' dir='ltr'>vero</span> <span class='ocrx_word' id='word_1_31' title='bbox 1283 1006 1412 1081; x_wconf 89' lang='lat' dir='ltr'>quanta</span> <span class='ocrx_word' id='word_1_32' title='bbox 1452 986 1629 1062; x_wconf 80' lang='lat' dir='ltr'>alacritate</span> <span class='ocrx_word' id='word_1_33' title='bbox 1652 1012 1672 1062; x_wconf 90' lang='lat' dir='ltr'>a</span> <span class='ocrx_word' id='word_1_34' title='bbox 1695 1010 1730 1063; x_wconf 90' lang='lat' dir='ltr'>te</span> 
     </span>
     <span class='ocr_line' id='line_1_6' title="bbox 532 1078 1735 1177; baseline 0 -21"><span class='ocrx_word' id='word_1_35' title='bbox 532 1083 719 1169; x_wconf 88' lang='lat' dir='ltr'>audierim,</span> <span class='ocrx_word' id='word_1_36' title='bbox 744 1083 815 1157; x_wconf 89' lang='lat' dir='ltr'>dici</span> <span class='ocrx_word' id='word_1_37' title='bbox 830 1102 901 1160; x_wconf 83' lang='lat' dir='ltr'>uon</span> <span class='ocrx_word' id='word_1_38' title='bbox 916 1079 1040 1177; x_wconf 81' lang='lat' dir='ltr'>potest.</span> <span class='ocrx_word' id='word_1_39' title='bbox 1064 1078 1154 1158; x_wconf 86' lang='lat' dir='ltr'>Non</span> <span class='ocrx_word' id='word_1_40' title='bbox 1166 1078 1465 1169; x_wconf 78' lang='lat' dir='ltr'>defistamautem,</span> <span class='ocrx_word' id='word_1_41' title='bbox 1479 1082 1593 1157; x_wconf 87' lang='lat' dir='ltr'>donec</span> <span class='ocrx_word' id='word_1_42' title='bbox 1608 1084 1735 1157; x_wconf 55' lang='lat' dir='ltr'>utrius*-</span> 
     </span>
     <span class='ocr_line' id='line_1_7' title="bbox 533 1170 1729 1275; baseline 0.002 -22"><span class='ocrx_word' id='word_1_43' title='bbox 533 1204 601 1275; x_wconf 87' lang='lat' dir='ltr'>que</span> <span class='ocrx_word' id='word_1_44' title='bbox 627 1196 714 1252; x_wconf 90' lang='lat' dir='ltr'>voto</span> <span class='ocrx_word' id='word_1_45' title='bbox 744 1170 970 1272; x_wconf 87' lang='lat' dir='ltr'>respondero.</span> <span class='ocrx_word' id='word_1_46' title='bbox 1021 1174 1094 1250; x_wconf 88' lang='lat' dir='ltr'>Sed</span> <span class='ocrx_word' id='word_1_47' title='bbox 1125 1175 1209 1272; x_wconf 89' lang='lat' dir='ltr'>quid</span> <span class='ocrx_word' id='word_1_48' title='bbox 1233 1175 1376 1271; x_wconf 88' lang='lat' dir='ltr'>quaeso,</span> <span class='ocrx_word' id='word_1_49' title='bbox 1411 1175 1729 1273; x_wconf 86' lang='lat' dir='ltr'>Ornithoplutusne</span> 
     </span>
    </p>
   </div>
   <div class='ocr_carea' id='block_1_5' title="bbox 405 1271 1782 1465">
    <p class='ocr_par' dir='ltr' id='par_1_5' title="bbox 405 1271 1782 1465">
     <span class='ocr_line' id='line_1_8' title="bbox 405 1271 1782 1386; baseline 0 -37"><span class='ocrx_word' id='word_1_50' title='bbox 405 1304 411 1318; x_wconf 92' lang='grc'><em>·</em></span> <span class='ocrx_word' id='word_1_51' title='bbox 490 1290 508 1315; x_wconf 78' lang='grc'>’·</span> <span class='ocrx_word' id='word_1_52' title='bbox 531 1279 590 1351; x_wconf 84' lang='lat' dir='ltr'>ille</span> <span class='ocrx_word' id='word_1_53' title='bbox 609 1296 691 1351; x_wconf 86' lang='lat' dir='ltr'>tuus</span> <span class='ocrx_word' id='word_1_54' title='bbox 716 1271 908 1384; x_wconf 63' lang='lat' dir='ltr'>suspendio</span> <span class='ocrx_word' id='word_1_55' title='bbox 926 1273 1108 1383; x_wconf 58' lang='lat' dir='ltr'>proximu}</span> <span class='ocrx_word' id='word_1_56' title='bbox 1131 1271 1214 1350; x_wconf 72' lang='lat' dir='ltr'>estl.</span> <span class='ocrx_word' id='word_1_57' title='bbox 1227 1272 1291 1386; x_wconf 62' lang='lat' dir='ltr'>§ic</span> <span class='ocrx_word' id='word_1_58' title='bbox 1308 1276 1475 1349; x_wconf 81' lang='lat' dir='ltr'>tollantur</span> <span class='ocrx_word' id='word_1_59' title='bbox 1490 1296 1666 1371; x_wconf 84' lang='lat' dir='ltr'>quotquot</span> <span class='ocrx_word' id='word_1_60' title='bbox 1689 1276 1730 1349; x_wconf 88' lang='lat' dir='ltr'>fi·</span> <span class='ocrx_word' id='word_1_61' title='bbox 1774 1297 1782 1303; x_wconf 89' lang='lat'><strong>·</strong></span> 
     </span>
     <span class='ocr_line' id='line_1_9' title="bbox 407 1367 1726 1465; baseline 0 -20"><span class='ocrx_word' id='word_1_62' title='bbox 407 1450 411 1457; x_wconf 69' lang='grc'>,</span> <span class='ocrx_word' id='word_1_63' title='bbox 531 1373 606 1446; x_wconf 87' lang='lat' dir='ltr'>mili</span> <span class='ocrx_word' id='word_1_64' title='bbox 621 1367 712 1465; x_wconf 80' lang='lat' dir='ltr'>furia</span> <span class='ocrx_word' id='word_1_65' title='bbox 734 1390 786 1441; x_wconf 90' lang='lat' dir='ltr'>tnt</span> <span class='ocrx_word' id='word_1_66' title='bbox 807 1370 911 1443; x_wconf 83' lang='lat' dir='ltr'>animi</span> <span class='ocrx_word' id='word_1_67' title='bbox 934 1371 1210 1464; x_wconf 74' lang='lat' dir='ltr'>tranquilitatem</span> <span class='ocrx_word' id='word_1_68' title='bbox 1227 1368 1406 1443; x_wconf 60' lang='lat' dir='ltr'>infestant.⁴</span> <span class='ocrx_word' id='word_1_69' title='bbox 1448 1368 1530 1446; x_wconf 88' lang='lat' dir='ltr'>Nec</span> <span class='ocrx_word' id='word_1_70' title='bbox 1553 1372 1640 1445; x_wconf 87' lang='lat' dir='ltr'>alter</span> <span class='ocrx_word' id='word_1_71' title='bbox 1665 1374 1726 1445; x_wconf 89' lang='lat' dir='ltr'>ille</span> 
     </span>
    </p>
   </div>
   <div class='ocr_carea' id='block_1_6' title="bbox 343 2847 468 2910">
    <p class='ocr_par' dir='ltr' id='par_1_6' title="bbox 343 2847 468 2910">
     <span class='ocr_line' id='line_1_10' title="bbox 343 2847 468 2910; baseline -0.016 0"><span class='ocrx_word' id='word_1_72' title='bbox 343 2849 390 2910; x_wconf 84' lang='lat' dir='ltr'>Ex</span> <span class='ocrx_word' id='word_1_73' title='bbox 406 2847 468 2909; x_wconf 87' lang='lat' dir='ltr'>To·</span> 
     </span>
    </p>
   </div>
   <div class='ocr_carea' id='block_1_7' title="bbox 260 2926 449 2988">
    <p class='ocr_par' dir='ltr' id='par_1_7' title="bbox 260 2926 449 2988">
     <span class='ocr_line' id='line_1_11' title="bbox 260 2926 449 2988; baseline 0.005 -2"><span class='ocrx_word' id='word_1_74' title='bbox 260 2946 263 2952; x_wconf 87' lang='lat'>·</span> <span class='ocrx_word' id='word_1_75' title='bbox 341 2926 449 2988; x_wconf 83' lang='lat' dir='ltr'>moll.</span> 
     </span>
    </p>
   </div>
   <div class='ocr_carea' id='block_1_8' title="bbox 340 3004 449 3069">
    <p class='ocr_par' dir='ltr' id='par_1_8' title="bbox 340 3004 449 3069">
     <span class='ocr_line' id='line_1_12' title="bbox 340 3004 449 3069; baseline 0.018 -3"><span class='ocrx_word' id='word_1_76' title='bbox 340 3004 395 3067; x_wconf 84' lang='lat' dir='ltr'>fol.</span> <span class='ocrx_word' id='word_1_77' title='bbox 421 3012 449 3069; x_wconf 85' lang='lat'>8.</span> 
     </span>
    </p>
   </div>
   <div class='ocr_carea' id='block_1_9' title="bbox 358 3292 461 3366">
    <p class='ocr_par' dir='ltr' id='par_1_9' title="bbox 358 3292 461 3366">
     <span class='ocr_line' id='line_1_13' title="bbox 358 3292 461 3366; baseline -0.029 -18"><span class='ocrx_word' id='word_1_78' title='bbox 358 3292 461 3366; x_wconf 78' lang='lat'>1529.</span> 
     </span>
    </p>
   </div>
   <div class='ocr_carea' id='block_1_10' title="bbox 527 1465 1728 2716">
    <p class='ocr_par' dir='ltr' id='par_1_10' title="bbox 527 1465 1728 2716">
     <span class='ocr_line' id='line_1_14' title="bbox 531 1465 1728 1563; baseline 0 -20"><span class='ocrx_word' id='word_1_79' title='bbox 531 1471 652 1544; x_wconf 91' lang='lat' dir='ltr'>vivere</span> <span class='ocrx_word' id='word_1_80' title='bbox 669 1465 729 1537; x_wconf 92' lang='lat' dir='ltr'>diu</span> <span class='ocrx_word' id='word_1_81' title='bbox 747 1465 885 1561; x_wconf 90' lang='lat' dir='ltr'>potest,</span> <span class='ocrx_word' id='word_1_82' title='bbox 910 1489 989 1540; x_wconf 87' lang='lat' dir='ltr'>cunr</span> <span class='ocrx_word' id='word_1_83' title='bbox 1004 1486 1133 1560; x_wconf 86' lang='lat' dir='ltr'>praeter</span> <span class='ocrx_word' id='word_1_84' title='bbox 1161 1468 1320 1561; x_wconf 84' lang='lat' dir='ltr'>corporis</span> <span class='ocrx_word' id='word_1_85' title='bbox 1339 1466 1498 1540; x_wconf 86' lang='lat' dir='ltr'><strong>morbum</strong></span> <span class='ocrx_word' id='word_1_86' title='bbox 1516 1490 1614 1539; x_wconf 86' lang='lat' dir='ltr'>mens</span> <span class='ocrx_word' id='word_1_87' title='bbox 1641 1492 1728 1563; x_wconf 91' lang='lat' dir='ltr'>quo·</span> 
     </span>
     <span class='ocr_line' id='line_1_15' title="bbox 557 1554 1727 1658; baseline 0.003 -24"><span class='ocrx_word' id='word_1_88' title='bbox 557 1586 601 1639; x_wconf 82' lang='lat' dir='ltr'>ut</span> <span class='ocrx_word' id='word_1_89' title='bbox 620 1562 763 1634; x_wconf 85' lang='lat' dir='ltr'>illinon</span> <span class='ocrx_word' id='word_1_90' title='bbox 781 1554 957 1637; x_wconf 84' lang='lat' dir='ltr'>satissana</span> <span class='ocrx_word' id='word_1_91' title='bbox 983 1560 1036 1635; x_wconf 80' lang='lat' dir='ltr'>fit.</span> <span class='ocrx_word' id='word_1_92' title='bbox 1087 1562 1218 1655; x_wconf 85' lang='lat' dir='ltr'>Cogita</span> <span class='ocrx_word' id='word_1_93' title='bbox 1229 1580 1346 1635; x_wconf 81' lang='lat' dir='ltr'>autem</span> <span class='ocrx_word' id='word_1_94' title='bbox 1365 1560 1405 1635; x_wconf 77' lang='lat' dir='ltr'>te‘</span> <span class='ocrx_word' id='word_1_95' title='bbox 1416 1565 1616 1658; x_wconf 77' lang='lat' dir='ltr'>hujusmodi</span> <span class='ocrx_word' id='word_1_96' title='bbox 1631 1588 1727 1645; x_wconf 87' lang='lat' dir='ltr'>mon·</span> 
     </span>
     <span class='ocr_line' id='line_1_16' title="bbox 531 1590 1727 1753; baseline 0 -18"><span class='ocrx_word' id='word_1_97' title='bbox 531 1590 608 1735; x_wconf 52' lang='lat' dir='ltr'>aria</span> <span class='ocrx_word' id='word_1_98' title='bbox 625 1656 808 1731; x_wconf 84' lang='lat' dir='ltr'>domandis</span> <span class='ocrx_word' id='word_1_99' title='bbox 818 1658 855 1731; x_wconf 89' lang='lat' dir='ltr'>in</span> <span class='ocrx_word' id='word_1_100' title='bbox 872 1659 999 1733; x_wconf 85' lang='lat' dir='ltr'>caelum</span> <span class='ocrx_word' id='word_1_101' title='bbox 1015 1658 1086 1739; x_wconf 90' lang='lat' dir='ltr'>ire,</span> <span class='ocrx_word' id='word_1_102' title='bbox 1109 1658 1327 1753; x_wconf 86' lang='lat' dir='ltr'>nominisque</span> <span class='ocrx_word' id='word_1_103' title='bbox 1346 1660 1397 1750; x_wconf 80' lang='lat' dir='ltr'>tui</span> <span class='ocrx_word' id='word_1_104' title='bbox 1406 1660 1550 1753; x_wconf 87' lang='lat' dir='ltr'>gloriam</span> <span class='ocrx_word' id='word_1_105' title='bbox 1566 1662 1727 1735; x_wconf 81' lang='lat' dir='ltr'>illustri0·</span> 
     </span>
     <span class='ocr_line' id='line_1_17' title="bbox 532 1750 1727 1850; baseline 0.001 -21"><span class='ocrx_word' id='word_1_106' title='bbox 532 1779 607 1831; x_wconf 90' lang='lat' dir='ltr'>rem</span> <span class='ocrx_word' id='word_1_107' title='bbox 634 1755 746 1829; x_wconf 87' lang='lat' dir='ltr'>reddi.</span> <span class='ocrx_word' id='word_1_108' title='bbox 794 1755 894 1849; x_wconf 91' lang='lat' dir='ltr'>Quin</span> <span class='ocrx_word' id='word_1_109' title='bbox 925 1750 961 1825; x_wconf 75' lang='grc' dir='ltr'>δι</span> <span class='ocrx_word' id='word_1_110' title='bbox 988 1752 1293 1828; x_wconf 79' lang='lat' dir='ltr'>Herculiavirtua</span> <span class='ocrx_word' id='word_1_111' title='bbox 1324 1752 1727 1850; x_wconf 80' lang='lat' dir='ltr'>incognita-manliilet,</span> 
     </span>
     <span class='ocr_line' id='line_1_18' title="bbox 530 1846 1727 1946; baseline -0.003 -19"><span class='ocrx_word' id='word_1_112' title='bbox 530 1848 594 1927; x_wconf 89' lang='lat' dir='ltr'>nili</span> <span class='ocrx_word' id='word_1_113' title='bbox 623 1870 676 1923; x_wconf 91' lang='lat' dir='ltr'>tot</span> <span class='ocrx_word' id='word_1_114' title='bbox 705 1852 867 1925; x_wconf 84' lang='lat' dir='ltr'>aerumnis</span> <span class='ocrx_word' id='word_1_115' title='bbox 901 1850 1091 1923; x_wconf 86' lang='lat' dir='ltr'>exercitata</span> <span class='ocrx_word' id='word_1_116' title='bbox 1105 1846 1227 1923; x_wconf 87' lang='lat' dir='ltr'>foillet.</span> <span class='ocrx_word' id='word_1_117' title='bbox 1278 1848 1420 1946; x_wconf 66' lang='lat' dir='ltr'>Hayoalr</span> <span class='ocrx_word' id='word_1_118' title='bbox 1438 1850 1541 1924; x_wconf 87' lang='lat' dir='ltr'>nostri</span> <span class='ocrx_word' id='word_1_119' title='bbox 1562 1854 1727 1946; x_wconf 81' lang='lat' dir='ltr'>majorem</span> 
     </span>
     <span class='ocr_line' id='line_1_19' title="bbox 530 1944 1727 2041; baseline 0 -20"><span class='ocrx_word' id='word_1_120' title='bbox 530 1951 568 2021; x_wconf 92' lang='lat' dir='ltr'>in</span> <span class='ocrx_word' id='word_1_121' title='bbox 584 1944 727 2020; x_wconf 91' lang='lat' dir='ltr'>modum</span> <span class='ocrx_word' id='word_1_122' title='bbox 756 1944 915 2021; x_wconf 71' lang='lat' dir='ltr'>felicitati</span> <span class='ocrx_word' id='word_1_123' title='bbox 943 1944 1117 2038; x_wconf 84' lang='lat' dir='ltr'>gratulor,</span> <span class='ocrx_word' id='word_1_124' title='bbox 1152 1946 1211 2019; x_wconf 88' lang='lat' dir='ltr'>cui</span> <span class='ocrx_word' id='word_1_125' title='bbox 1237 1948 1443 2041; x_wconf 88' lang='lat' dir='ltr'>quotidiana</span> <span class='ocrx_word' id='word_1_126' title='bbox 1476 1945 1727 2022; x_wconf 80' lang='lat' dir='ltr'>consuetudine</span> 
     </span>
     <span class='ocr_line' id='line_1_20' title="bbox 530 2039 1724 2137; baseline 0 -22"><span class='ocrx_word' id='word_1_127' title='bbox 530 2064 590 2117; x_wconf 91' lang='lat' dir='ltr'>tua</span> <span class='ocrx_word' id='word_1_128' title='bbox 605 2042 674 2115; x_wconf 88' lang='lat' dir='ltr'>frui</span> <span class='ocrx_word' id='word_1_129' title='bbox 700 2044 862 2136; x_wconf 86' lang='lat' dir='ltr'>contigit.</span> <span class='ocrx_word' id='word_1_130' title='bbox 910 2039 968 2113; x_wconf 87' lang='lat' dir='ltr'>Ex</span> <span class='ocrx_word' id='word_1_131' title='bbox 997 2041 1113 2113; x_wconf 88' lang='lat' dir='ltr'>animo</span> <span class='ocrx_word' id='word_1_132' title='bbox 1142 2061 1257 2114; x_wconf 88' lang='lat' dir='ltr'>autem</span> <span class='ocrx_word' id='word_1_133' title='bbox 1282 2064 1429 2137; x_wconf 86' lang='lat' dir='ltr'>precor,</span> <span class='ocrx_word' id='word_1_134' title='bbox 1455 2063 1621 2137; x_wconf 90' lang='lat' dir='ltr'>utquam</span> <span class='ocrx_word' id='word_1_135' title='bbox 1649 2046 1724 2120; x_wconf 89' lang='lat' dir='ltr'>din-</span> 
     </span>
     <span class='ocr_line' id='line_1_21' title="bbox 529 2135 1726 2234; baseline -0.002 -22"><span class='ocrx_word' id='word_1_136' title='bbox 529 2137 650 2213; x_wconf 76' lang='lat' dir='ltr'>tiffime</span> <span class='ocrx_word' id='word_1_137' title='bbox 669 2136 986 2233; x_wconf 85' lang='lat' dir='ltr'>diligentiffimeque</span> <span class='ocrx_word' id='word_1_138' title='bbox 1017 2137 1115 2210; x_wconf 89' lang='lat' dir='ltr'>omni</span> <span class='ocrx_word' id='word_1_139' title='bbox 1132 2135 1249 2209; x_wconf 89' lang='lat' dir='ltr'>officio</span> <span class='ocrx_word' id='word_1_140' title='bbox 1271 2136 1506 2234; x_wconf 84' lang='lat' dir='ltr'>obsequioque</span> <span class='ocrx_word' id='word_1_141' title='bbox 1531 2162 1606 2212; x_wconf 87' lang='lat' dir='ltr'>eam</span> <span class='ocrx_word' id='word_1_142' title='bbox 1632 2161 1726 2213; x_wconf 88' lang='lat' dir='ltr'>tuea-</span> 
     </span>
     <span class='ocr_line' id='line_1_22' title="bbox 529 2230 1727 2330; baseline -0.001 -21"><span class='ocrx_word' id='word_1_143' title='bbox 529 2258 597 2310; x_wconf 90' lang='lat' dir='ltr'>tur.</span> <span class='ocrx_word' id='word_1_144' title='bbox 647 2230 767 2307; x_wconf 87' lang='lat' dir='ltr'>Habet</span> <span class='ocrx_word' id='word_1_145' title='bbox 794 2256 908 2309; x_wconf 88' lang='lat' dir='ltr'>autem</span> <span class='ocrx_word' id='word_1_146' title='bbox 939 2254 1017 2307; x_wconf 87' lang='lat' dir='ltr'>eam</span> <span class='ocrx_word' id='word_1_147' title='bbox 1052 2233 1108 2304; x_wconf 89' lang='lat' dir='ltr'>tui</span> <span class='ocrx_word' id='word_1_148' title='bbox 1133 2255 1231 2307; x_wconf 89' lang='lat' dir='ltr'>amor</span> <span class='ocrx_word' id='word_1_149' title='bbox 1268 2237 1470 2329; x_wconf 83' lang='lat' dir='ltr'>energiam,</span> <span class='ocrx_word' id='word_1_150' title='bbox 1507 2255 1566 2313; x_wconf 34' lang='lat' dir='ltr'>ut,</span> <span class='ocrx_word' id='word_1_151' title='bbox 1585 2238 1621 2307; x_wconf 90' lang='lat' dir='ltr'>in</span> <span class='ocrx_word' id='word_1_152' title='bbox 1644 2240 1727 2330; x_wconf 82' lang='lat' dir='ltr'>plu·</span> 
     </span>
     <span class='ocr_line' id='line_1_23' title="bbox 528 2326 1725 2422; baseline 0.003 -23"><span class='ocrx_word' id='word_1_153' title='bbox 528 2354 584 2407; x_wconf 80' lang='lat' dir='ltr'>res</span> <span class='ocrx_word' id='word_1_154' title='bbox 613 2334 828 2420; x_wconf 69' lang='grc' dir='ltr'>συμφιλῦνπε</span> <span class='ocrx_word' id='word_1_155' title='bbox 854 2326 1055 2404; x_wconf 84' lang='lat' dir='ltr'>transfundi</span> <span class='ocrx_word' id='word_1_156' title='bbox 1082 2329 1221 2422; x_wconf 88' lang='lat' dir='ltr'>cupiat,</span> <span class='ocrx_word' id='word_1_157' title='bbox 1255 2328 1405 2405; x_wconf 85' lang='lat' dir='ltr'>unde&amp;</span> <span class='ocrx_word' id='word_1_158' title='bbox 1431 2353 1518 2414; x_wconf 82' lang='lat' dir='ltr'>nos,</span> <span class='ocrx_word' id='word_1_159' title='bbox 1537 2331 1604 2404; x_wconf 87' lang='lat' dir='ltr'>ubi</span> <span class='ocrx_word' id='word_1_160' title='bbox 1627 2352 1725 2405; x_wconf 83' lang='lat' dir='ltr'>tanto</span> 
     </span>
     <span class='ocr_line' id='line_1_24' title="bbox 529 2422 1725 2522; baseline -0.002 -21"><span class='ocrx_word' id='word_1_161' title='bbox 529 2448 603 2502; x_wconf 86' lang='lat' dir='ltr'>ate</span> <span class='ocrx_word' id='word_1_162' title='bbox 615 2428 746 2505; x_wconf 77' lang='lat' dir='ltr'>amoris</span> <span class='ocrx_word' id='word_1_163' title='bbox 761 2422 1090 2522; x_wconf 81' lang='lat' dir='ltr'>amplexu-suseepti</span> <span class='ocrx_word' id='word_1_164' title='bbox 1107 2422 1242 2510; x_wconf 84' lang='lat' dir='ltr'>sumna,</span> <span class='ocrx_word' id='word_1_165' title='bbox 1265 2426 1369 2500; x_wconf 85' lang='lat' dir='ltr'>nobis</span> <span class='ocrx_word' id='word_1_166' title='bbox 1391 2422 1473 2522; x_wconf 83' lang='lat' dir='ltr'>ipfie</span> <span class='ocrx_word' id='word_1_167' title='bbox 1499 2448 1570 2501; x_wconf 90' lang='lat' dir='ltr'>non</span> <span class='ocrx_word' id='word_1_168' title='bbox 1594 2424 1725 2499; x_wconf 75' lang='lat' dir='ltr'>satisfa-</span> 
     </span>
     <span class='ocr_line' id='line_1_25' title="bbox 527 2520 1727 2617; baseline -0.001 -20"><span class='ocrx_word' id='word_1_169' title='bbox 527 2526 660 2609; x_wconf 83' lang='lat' dir='ltr'>cimus,</span> <span class='ocrx_word' id='word_1_170' title='bbox 677 2520 745 2597; x_wconf 83' lang='lat' dir='ltr'>·niil</span> <span class='ocrx_word' id='word_1_171' title='bbox 766 2524 934 2617; x_wconf 77' lang='lat' dir='ltr'>plurimos</span> <span class='ocrx_word' id='word_1_172' title='bbox 950 2520 1134 2594; x_wconf 75' lang='lat' dir='ltr'>nobiccum</span> <span class='ocrx_word' id='word_1_173' title='bbox 1148 2522 1186 2592; x_wconf 91' lang='lat' dir='ltr'>in</span> <span class='ocrx_word' id='word_1_174' title='bbox 1205 2520 1280 2615; x_wconf 79' lang='lat' dir='ltr'>ejus</span> <span class='ocrx_word' id='word_1_175' title='bbox 1304 2523 1586 2598; x_wconf 80' lang='lat' dir='ltr'>communionem</span> <span class='ocrx_word' id='word_1_176' title='bbox 1610 2524 1727 2597; x_wconf 58' lang='lat' dir='ltr'>nahas</span> 
     </span>
     <span class='ocr_line' id='line_1_26' title="bbox 528 2616 1717 2716; baseline -0.004 -24"><span class='ocrx_word' id='word_1_177' title='bbox 528 2642 613 2695; x_wconf 82' lang='lat' dir='ltr'>mut.</span> <span class='ocrx_word' id='word_1_178' title='bbox 650 2617 751 2694; x_wconf 89' lang='lat' dir='ltr'>Vale.</span> <span class='ocrx_word' id='word_1_179' title='bbox 777 2620 884 2694; x_wconf 85' lang='lat' dir='ltr'>Dolae.</span> <span class='ocrx_word' id='word_1_180' title='bbox 910 2640 967 2716; x_wconf 79' lang='lat'>23·</span> <span class='ocrx_word' id='word_1_181' title='bbox 985 2616 1115 2691; x_wconf 78' lang='lat' dir='ltr'>iliartii</span> <span class='ocrx_word' id='word_1_182' title='bbox 1141 2634 1244 2706; x_wconf 81' lang='lat'>1529.</span> <span class='ocrx_word' id='word_1_183' title='bbox 1589 2651 1593 2661; x_wconf 90' lang='lat'><strong>·</strong></span> <span class='ocrx_word' id='word_1_184' title='bbox 1710 2648 1717 2659; x_wconf 92' lang='lat'><strong>·</strong></span> 
     </span>
    </p>
   </div>
   <div class='ocr_carea' id='block_1_11' title="bbox 655 2768 1726 3197">
    <p class='ocr_par' dir='ltr' id='par_1_11' title="bbox 655 2768 1728 3197">
     <span class='ocr_line' id='line_1_27' title="bbox 791 2768 1426 2939; baseline 0.006 -23.875"><span class='ocrx_word' id='word_1_185' title='bbox 791 2768 1426 2939; x_wconf 60' lang='lat' dir='ltr'>‘narsT&#39;onau</span> 
     </span>
     <span class='ocr_line' id='line_1_28' title="bbox 655 3037 1726 3197; baseline -0.008 -50"><span class='ocrx_word' id='word_1_186' title='bbox 655 3037 1604 3197; x_wconf 75' lang='lat' dir='ltr'>srurtouraunnnoun</span> <span class='ocrx_word' id='word_1_187' title='bbox 1719 3126 1726 3138; x_wconf 87' lang='lat'><strong>.</strong></span> 
     </span>
    </p>
   </div>
   <div class='ocr_carea' id='block_1_12' title="bbox 524 3274 1729 3844">
    <p class='ocr_par' dir='ltr' id='par_1_12' title="bbox 524 3274 1729 3844">
     <span class='ocr_line' id='line_1_29' title="bbox 524 3274 1729 3395; baseline -0.002 -24"><span class='ocrx_word' id='word_1_188' title='bbox 524 3279 726 3371; x_wconf 82' lang='lat' dir='ltr'>Aainione</span> <span class='ocrx_word' id='word_1_189' title='bbox 755 3306 831 3365; x_wconf 83' lang='lat' dir='ltr'>aaa</span> <span class='ocrx_word' id='word_1_190' title='bbox 847 3316 851 3323; x_wconf 95' lang='lat'>·</span> <span class='ocrx_word' id='word_1_191' title='bbox 851 3274 1026 3391; x_wconf 82' lang='lat' dir='ltr'>substitit</span> <span class='ocrx_word' id='word_1_192' title='bbox 1053 3275 1101 3364; x_wconf 86' lang='lat' dir='ltr'>ab</span> <span class='ocrx_word' id='word_1_193' title='bbox 1119 3276 1288 3392; x_wconf 79' lang='lat' dir='ltr'>peslaaa,</span> <span class='ocrx_word' id='word_1_194' title='bbox 1317 3276 1376 3368; x_wconf 59' lang='grc' dir='ltr'>ἐπ’</span> <span class='ocrx_word' id='word_1_195' title='bbox 1405 3278 1512 3395; x_wconf 81' lang='lat' dir='ltr'>qudd</span> <span class='ocrx_word' id='word_1_196' title='bbox 1537 3275 1729 3368; x_wconf 70' lang='lat' dir='ltr'>allatam</span> 
     </span>
     <span class='ocr_line' id='line_1_30' title="bbox 537 3387 1727 3509; baseline -0.003 -28"><span class='ocrx_word' id='word_1_197' title='bbox 537 3422 539 3429; x_wconf 88' lang='lat'>·</span> <span class='ocrx_word' id='word_1_198' title='bbox 582 3396 673 3481; x_wconf 82' lang='lat' dir='ltr'>iada</span> <span class='ocrx_word' id='word_1_199' title='bbox 689 3392 830 3503; x_wconf 69' lang='lat' dir='ltr'>Hilari</span> <span class='ocrx_word' id='word_1_200' title='bbox 855 3421 902 3479; x_wconf 89' lang='lat' dir='ltr'>as</span> <span class='ocrx_word' id='word_1_201' title='bbox 920 3390 1152 3509; x_wconf 63' lang='lat' dir='ltr'>coaceffffat„</span> <span class='ocrx_word' id='word_1_202' title='bbox 1214 3387 1447 3482; x_wconf 80' lang='lat' dir='ltr'>Valentiam</span> <span class='ocrx_word' id='word_1_203' title='bbox 1455 3392 1504 3506; x_wconf 72' lang='lat' dir='ltr'><em>fh</em></span> <span class='ocrx_word' id='word_1_204' title='bbox 1530 3388 1727 3495; x_wconf 66' lang='lat' dir='ltr'>contulit,</span> 
     </span>
     <span class='ocr_line' id='line_1_31' title="bbox 580 3419 1726 3701; baseline -0.002 -108"><span class='ocrx_word' id='word_1_205' title='bbox 580 3504 789 3593; x_wconf 72' lang='lat' dir='ltr'>doctoralia</span> <span class='ocrx_word' id='word_1_206' title='bbox 806 3419 860 3591; x_wconf 57' lang='grc' dir='ltr'>ὶὲὶ</span> <span class='ocrx_word' id='word_1_207' title='bbox 890 3503 1055 3619; x_wconf 82' lang='lat' dir='ltr'>infignt&#39;a</span> <span class='ocrx_word' id='word_1_208' title='bbox 1066 3566 1081 3607; x_wconf 94' lang='lat'>,</span> <span class='ocrx_word' id='word_1_209' title='bbox 1109 3500 1177 3589; x_wconf 80' lang='lat' dir='ltr'>abi</span> <span class='ocrx_word' id='word_1_210' title='bbox 1212 3511 1422 3613; x_wconf 75' lang='lat' dir='ltr'>minimum</span> <span class='ocrx_word' id='word_1_211' title='bbox 1455 3504 1726 3701; x_wconf 53' lang='lat' dir='ltr'>imfeaditurj</span> 
     </span>
     <span class='ocr_line' id='line_1_32' title="bbox 567 3610 1726 3739; baseline 0.001 -35"><span class='ocrx_word' id='word_1_212' title='bbox 567 3617 853 3735; x_wconf 72' lang='lat' dir='ltr'>safitepturu53</span> <span class='ocrx_word' id='word_1_213' title='bbox 884 3624 1098 3733; x_wconf 86' lang='lat' dir='ltr'>pecuniam</span> <span class='ocrx_word' id='word_1_214' title='bbox 1125 3610 1223 3723; x_wconf 67' lang='lat' dir='ltr'>stbi‘</span> <span class='ocrx_word' id='word_1_215' title='bbox 1242 3620 1382 3723; x_wconf 72' lang='lat' dir='ltr'>mitti,</span> <span class='ocrx_word' id='word_1_216' title='bbox 1413 3612 1471 3709; x_wconf 60' lang='grc' dir='ltr'>ἔθ’</span> <span class='ocrx_word' id='word_1_217' title='bbox 1522 3624 1726 3739; x_wconf 66' lang='lat' dir='ltr'>iteratumi</span> 
     </span>
     <span class='ocr_line' id='line_1_33' title="bbox 531 3726 1093 3844; baseline -0.004 -25"><span class='ocrx_word' id='word_1_218' title='bbox 531 3808 541 3819; x_wconf 93' lang='lat'>.</span> <span class='ocrx_word' id='word_1_219' title='bbox 577 3737 883 3831; x_wconf 80' lang='lat' dir='ltr'>commercia-m,</span> <span class='ocrx_word' id='word_1_220' title='bbox 905 3726 1093 3844; x_wconf 73' lang='lat' dir='ltr'>parslalat.</span> 
     </span>
    </p>
   </div>
   <div class='ocr_carea' id='block_1_13' title="bbox 713 3904 759 3917">
    <p class='ocr_par' dir='ltr' id='par_1_13' title="bbox 713 3904 759 3917">
     <span class='ocr_line' id='line_1_34' title="bbox 713 3904 759 3917; baseline 0 0"><span class='ocrx_word' id='word_1_221' title='bbox 713 3904 717 3917; x_wconf 75' lang='grc'>1</span> <span class='ocrx_word' id='word_1_222' title='bbox 757 3910 759 3917; x_wconf 72' lang='lat' dir='ltr'>r</span> 
     </span>
    </p>
   </div>
   <div class='ocr_carea' id='block_1_14' title="bbox 523 3960 1726 4141">
    <p class='ocr_par' dir='ltr' id='par_1_14' title="bbox 523 3960 1726 4141">
     <span class='ocr_line' id='line_1_35' title="bbox 523 3960 1726 4141; baseline 0 -99"><span class='ocrx_word' id='word_1_223' title='bbox 523 3969 801 4141; x_wconf 69' lang='lat' dir='ltr'>significaram</span> <span class='ocrx_word' id='word_1_224' title='bbox 823 3966 908 4057; x_wconf 85' lang='lat' dir='ltr'>tibi,</span> <span class='ocrx_word' id='word_1_225' title='bbox 925 3966 974 4041; x_wconf 88' lang='lat' dir='ltr'>mi</span> <span class='ocrx_word' id='word_1_226' title='bbox 1000 3968 1118 4055; x_wconf 80' lang='lat' dir='ltr'>Slika,</span> <span class='ocrx_word' id='word_1_227' title='bbox 1149 3966 1337 4043; x_wconf 74' lang='lat' dir='ltr'>novistimis</span> <span class='ocrx_word' id='word_1_228' title='bbox 1361 3968 1478 4041; x_wconf 73' lang='lat' dir='ltr'>literis?</span> <span class='ocrx_word' id='word_1_229' title='bbox 1487 3960 1595 4051; x_wconf 75' lang='lat' dir='ltr'>meis,</span> <span class='ocrx_word' id='word_1_230' title='bbox 1619 3962 1726 4063; x_wconf 63' lang='lat' dir='ltr'>pata-³</span> 
     </span>
     <span class='ocr_line' id='line_1_36' title="bbox 534 4060 1723 4141; baseline -0.002 0"><span class='ocrx_word' id='word_1_231' title='bbox 534 4098 538 4107; x_wconf 95' lang='lat'>·</span> <span class='ocrx_word' id='word_1_232' title='bbox 604 4090 679 4141; x_wconf 91' lang='lat' dir='ltr'>turn</span> <span class='ocrx_word' id='word_1_233' title='bbox 696 4090 753 4138; x_wconf 90' lang='lat' dir='ltr'>me</span> <span class='ocrx_word' id='word_1_234' title='bbox 772 4086 812 4137; x_wconf 92' lang='lat' dir='ltr'>ut</span> <span class='ocrx_word' id='word_1_235' title='bbox 826 4064 1040 4138; x_wconf 87' lang='lat' dir='ltr'>Avinionem</span> <span class='ocrx_word' id='word_1_236' title='bbox 1060 4065 1155 4139; x_wconf 88' lang='lat' dir='ltr'>irem.</span> <span class='ocrx_word' id='word_1_237' title='bbox 1207 4065 1289 4138; x_wconf 90' lang='lat' dir='ltr'>Nec</span> <span class='ocrx_word' id='word_1_238' title='bbox 1306 4066 1440 4136; x_wconf 88' lang='lat' dir='ltr'>mutavi</span> <span class='ocrx_word' id='word_1_239' title='bbox 1454 4060 1652 4138; x_wconf 75' lang='lat' dir='ltr'>confilium:</span> <span class='ocrx_word' id='word_1_240' title='bbox 1667 4064 1723 4139; x_wconf 78' lang='lat' dir='ltr'>fui·</span> 
     </span>
    </p>
   </div>
   <div class='ocr_carea' id='block_1_15' title="bbox 522 4159 1725 4257">
    <p class='ocr_par' dir='ltr' id='par_1_15' title="bbox 522 4159 1725 4257">
     <span class='ocr_line' id='line_1_37' title="bbox 522 4159 1725 4257; baseline -0.005 -19"><span class='ocrx_word' id='word_1_241' title='bbox 522 4165 613 4239; x_wconf 88' lang='lat' dir='ltr'>enim</span> <span class='ocrx_word' id='word_1_242' title='bbox 632 4162 811 4234; x_wconf 88' lang='lat' dir='ltr'>Avinione</span> <span class='ocrx_word' id='word_1_243' title='bbox 823 4210 835 4247; x_wconf 91' lang='lat'>,</span> <span class='ocrx_word' id='word_1_244' title='bbox 858 4159 916 4234; x_wconf 82' lang='lat' dir='ltr'>sed</span> <span class='ocrx_word' id='word_1_245' title='bbox 931 4182 972 4235; x_wconf 93' lang='lat' dir='ltr'>ut</span> <span class='ocrx_word' id='word_1_246' title='bbox 997 4163 1091 4257; x_wconf 85' lang='lat' dir='ltr'>saepe</span> <span class='ocrx_word' id='word_1_247' title='bbox 1110 4160 1215 4235; x_wconf 80' lang='lat' dir='ltr'>Dolae</span> <span class='ocrx_word' id='word_1_248' title='bbox 1241 4160 1424 4247; x_wconf 87' lang='lat' dir='ltr'>audivisti,</span> <span class='ocrx_word' id='word_1_249' title='bbox 1448 4182 1581 4235; x_wconf 84' lang='lat' dir='ltr'>amoena</span> <span class='ocrx_word' id='word_1_250' title='bbox 1608 4165 1725 4257; x_wconf 81' lang='lat' dir='ltr'>magio</span> 
     </span>
    </p>
   </div>
   <div class='ocr_carea' id='block_1_16' title="bbox 519 4199 1908 4354">
    <p class='ocr_par' dir='ltr' id='par_1_16' title="bbox 519 4199 1908 4354">
     <span class='ocr_line' id='line_1_38' title="bbox 519 4199 1908 4354; baseline -0.006 -20"><span class='ocrx_word' id='word_1_251' title='bbox 519 4262 570 4334; x_wconf 90' lang='lat' dir='ltr'>ibi</span> <span class='ocrx_word' id='word_1_252' title='bbox 586 4259 690 4354; x_wconf 72' lang='lat' dir='ltr'>quito</span> <span class='ocrx_word' id='word_1_253' title='bbox 708 4256 851 4331; x_wconf 77' lang='lat' dir='ltr'>salubris</span> <span class='ocrx_word' id='word_1_254' title='bbox 869 4254 920 4329; x_wconf 88' lang='lat' dir='ltr'>est</span> <span class='ocrx_word' id='word_1_255' title='bbox 937 4258 1120 4332; x_wconf 89' lang='lat' dir='ltr'>habitatio.</span> <span class='ocrx_word' id='word_1_256' title='bbox 1167 4254 1282 4346; x_wconf 86' lang='lat' dir='ltr'>Quod</span> <span class='ocrx_word' id='word_1_257' title='bbox 1302 4252 1477 4351; x_wconf 75' lang='lat' dir='ltr'>cumipse</span> <span class='ocrx_word' id='word_1_258' title='bbox 1505 4254 1727 4353; x_wconf 66' lang='lat' dir='ltr'>cognosceret</span> <span class='ocrx_word' id='word_1_259' title='bbox 1748 4304 1761 4319; x_wconf 67' lang='grc'>«.</span> <span class='ocrx_word' id='word_1_260' title='bbox 1907 4199 1908 4208; x_wconf 13' lang='grc' dir='ltr'><strong><em>Ν</em></strong></span> 
     </span>
    </p>
   </div>
   <div class='ocr_carea' id='block_1_17' title="bbox 520 4350 1729 4546">
    <p class='ocr_par' dir='ltr' id='par_1_17' title="bbox 520 4350 1729 4546">
     <span class='ocr_line' id='line_1_39' title="bbox 520 4350 1729 4546; baseline -0.002 -115"><span class='ocrx_word' id='word_1_261' title='bbox 520 4358 657 4433; x_wconf 85' lang='lat' dir='ltr'>mallem</span> <span class='ocrx_word' id='word_1_262' title='bbox 676 4354 959 4454; x_wconf 76' lang='lat' dir='ltr'>quamcredere,</span> <span class='ocrx_word' id='word_1_263' title='bbox 986 4353 1047 4429; x_wconf 92' lang='lat' dir='ltr'>ubi</span> <span class='ocrx_word' id='word_1_264' title='bbox 1062 4352 1276 4435; x_wconf 70' lang='lat' dir='ltr'>Ammoneo</span> <span class='ocrx_word' id='word_1_265' title='bbox 1294 4350 1484 4444; x_wconf 73' lang='lat' dir='ltr'>ventrem,</span> <span class='ocrx_word' id='word_1_266' title='bbox 1509 4352 1729 4546; x_wconf 47' lang='grc' dir='ltr'>μίϋῑεπὲῐῗ</span> 
     </span>
    </p>
   </div>
   <div class='ocr_carea' id='block_1_18' title="bbox 0 0 1988 5167">
    <p class='ocr_par' dir='ltr' id='par_1_18' title="bbox 0 0 1988 5167">
     <span class='ocr_line' id='line_1_40' title="bbox 0 0 1988 5167; baseline 0 3"><span class='ocrx_word' id='word_1_267' title='bbox 0 0 1988 5167; x_wconf 95' lang='lat' dir='ltr'> </span> 
     </span>
    </p>
   </div>
  </div>
 </body>
</html>
