3967 5167
502 508 590 596 ms
618 446 859 591 mom
887 492 1238 587 tanturn
1272 486 1647 591 zotcnurrt

325 730 438 802 W,
515 692 661 764 nuncius
686 690 772 762 milri
800 686 961 787 profesid
983 708 1084 780 acque
1117 688 1290 791 acerbos,
1323 688 1426 762 vobis
1450 687 1560 762 dubio
1591 692 1723 783 procul

331 809 427 864 mortar
512 791 667 861 omnium
683 784 901 867 tristissmus,
926 784 969 853 de
989 782 1179 876 parentis†
1199 782 1221 855 ὲ
1238 787 1312 856 vita
1328 782 1484 857 discessu.
1534 784 1626 859 Cirm
1650 788 1720 862 ita·

328 886 468 963 ,rruggmz
515 908 585 978 que
609 880 699 954 hisce
726 880 859 955 cafibus
886 875 1042 949 futurum
1070 877 1317 961 existimarem,
1342 901 1382 952 ut
1394 881 1585 955 studiorum
1604 882 1719 956 conii·

513 985 709 1072 horumque
726 977 921 1051 vestrorum
941 975 1094 1046 instituta
1107 975 1177 1047 alid
1195 973 1543 1061 dederenturfflova
1557 974 1626 1049 suit
1643 998 1720 1053 non

514 1075 688 1149 scribendi
712 1076 758 1147 ad
779 1096 844 1146 vos
862 1072 947 1142 milti
968 1068 1080 1142 causa.
1129 1070 1198 1142 Sed
1223 1094 1337 1147 tamen
1359 1077 1427 1165 jam
1449 1074 1566 1167 aliquo
1583 1070 1720 1150 effluxo

517 1192 677 1265 ternpore
698 1167 795 1273 quod
816 1169 854 1243 δι
873 1166 1029 1239 dolorem
1047 1162 1200 1239 vestrum
1213 1169 1319 1240 lenire
1337 1168 1478 1250 debuit,
1503 1171 1541 1243 δι
1559 1192 1631 1264 quo
1642 1175 1718 1265 jam

517 1270 555 1339 in
572 1266 749 1363 posterum
767 1265 911 1337 vivendi
931 1263 1100 1335 rationem
1117 1263 1326 1335 constituere
1352 1262 1534 1357 potuistis,
1559 1263 1719 1339 officium

517 1388 537 1435 a
561 1362 668 1437 vobis
690 1382 810 1433 meum
828 1358 958 1431 diutius
986 1354 1169 1430 desiderari
1197 1381 1268 1431 non
1297 1357 1447 1431 sustinui.
1504 1358 1591 1432 Non
1618 1363 1718 1435 lubet

516 1479 635 1533 autem
662 1456 749 1537 ribi,
770 1458 822 1527 mi
837 1454 978 1548 Georgi,
1005 1476 1120 1526 meum
1144 1476 1238 1525 nunc
1262 1478 1306 1527 ex
1325 1455 1502 1551 utriusque
1521 1456 1622 1545 ob'uu
1647 1456 1716 1529 sus·

517 1576 659 1649 ceptum
690 1553 846 1626 dolorem
870 1571 1066 1644 exponere,
1091 1568 1152 1621 aut
1174 1570 1272 1622 tuum
1294 1550 1411 1623 verbis
1435 1553 1603 1647 mitigare.
1653 1552 1714 1625 Se·

518 1674 595 1721 turn
608 1651 699 1721 enim
717 1666 822 1741 atque
836 1644 1117 1740 intempestivum
1134 1643 1204 1718 hoc
1222 1669 1336 1717 meum
1352 1645 1504 1720 officium
1521 1646 1626 1719 suerit
1635 1698 1647 1734 ,
1666 1647 1715 1723 ad

519 1748 614 1841 quod
639 1748 686 1816 ita
710 1746 761 1815 oti
786 1740 888 1815 decet
905 1740 1121 1814 traiiandum
1147 1763 1215 1811 non
1239 1742 1320 1814 satis
1341 1739 1412 1815 sum
1433 1742 1592 1816 idoneus.
1641 1743 1717 1817 Sed

518 1862 712 1935 quanquam
730 1837 818 1910 nihil
838 1858 956 1931 putem
969 1858 1061 1931 opus
1081 1832 1169 1920 esse,
1195 1837 1230 1910 id
1250 1859 1364 1910 tamen
1381 1860 1449 1933 pro
1469 1841 1582 1912 veteri
1597 1838 1718 1912 nostra

513 1936 749 2011 familiaritate
768 1952 802 2005 te
820 1935 917 2006 volui
934 1932 1090 2015 hortari,
1115 1954 1155 2007 ut
1169 1936 1309 2026 quando
1330 1935 1378 2006 ita
1397 1932 1479 2007 Deo
1499 1932 1608 2006 visum
1625 1932 1715 2023 soit,

521 2056 561 2105 ut
583 2052 732 2125 utroque
750 2031 833 2101 vitae
849 2030 981 2101 restore
996 2048 1140 2124 parente
1155 2026 1252 2101 srmul
1269 2048 1373 2121 atque
1383 2048 1602 2124 preceptore
1615 2030 1718 2104 orba·

520 2130 635 2208 beris,
659 2148 699 2199 tu
723 2122 796 2219 ipse
815 2143 907 2195 tuam
930 2127 1085 2197 intueare
1101 2144 1248 2197 aetatem.
1297 2124 1391 2217 Quae
1412 2129 1483 2219 jam
1502 2126 1547 2197 ad
1566 2121 1716 2198 Adoles-

522 2224 644 2297 centiae
660 2241 785 2295 metam
796 2222 1019 2314 pertingens,
1043 2220 1177 2292 virilem
1196 2244 1216 2293 a
1234 2238 1268 2293 te
1278 2222 1485 2316 propediem
1502 2223 1650 2295 animum
1661 2244 1717 2294 re·

522 2320 648 2412 quirit,
664 2316 794 2388 scilicet
820 2338 857 2387 ut
880 2316 952 2387 'tuae
976 2313 1049 2409 ipse
1069 2318 1209 2390 modum
1231 2312 1363 2405 serves,
1387 2318 1455 2389 tuis
1473 2315 1547 2409 ipse
1562 2318 1714 2412 negotiis

516 2410 784 2505 commodisque
798 2412 976 2492 intendas,
1001 2408 1039 2482 δι
1055 2408 1126 2485 line
1141 2412 1272 2486 cortice
1297 2409 1314 2505 (
1323 2416 1418 2505 quod
1434 2411 1580 2506 dicitur)
1594 2432 1715 2486 natare

514 2506 694 2582 assuescas.
721 2507 995 2578 Pulcherrimum
1010 2524 1125 2577 autem
1140 2506 1240 2582 istum
1256 2506 1445 2582 studiorum
1464 2506 1598 2582 cursum
1613 2509 1714 2583 nullo

513 2604 601 2676 cusu
619 2604 821 2697 interrumpi
843 2620 985 2695 patere,
1011 2598 1092 2673 crim
1107 2625 1168 2676 eos
1191 2607 1262 2699 jam
1281 2602 1477 2699 progressus
1502 2600 1648 2689 seceris,
1672 2622 1715 2677 ut

520 2703 658 2795 privata
675 2696 887 2769 institutione
910 2698 1004 2767 haud
1019 2698 1107 2767 adeo
1124 2702 1269 2770 multum
1286 2701 1352 2773 tibi
1368 2698 1409 2773 fit
1427 2723 1536 2797 opus,
1561 2701 1715 2795 publicis

500 2818 607 2867 -vero
629 2791 841 2867 Dosiotibus
865 2790 985 2864 Italica
1004 2789 1196 2885 Gymnasra
1221 2792 1409 2869 abundent.
1458 2794 1715 2869 Hereditatem

516 2892 607 2962 'verd
633 2892 682 2961 ita
697 2888 845 2981 amplam
863 2882 1024 2973 crevisti,
1047 2903 1087 2957 ut
1101 2888 1139 2960 &
1155 2890 1320 2961 librorum
1333 2889 1487 2964 ditiliima
1499 2889 1715 2986 supellesiile

512 2986 685 3057 instruere
703 3003 737 3053 te
756 2984 894 3066 valeas,
918 2982 1104 3075 caeterique
1121 2982 1263 3058 literatii
1277 2982 1434 3081 sumptus
1448 2986 1623 3061 uberrime
1632 2984 1716 3082 sup·

521 3101 653 3175 petant.
685 3076 766 3149 Nec
783 3074 903 3149 desunt
916 3078 1050 3149 interea
1065 3079 1209 3170 legitimi
1222 3100 1396 3155 curatores
1419 3084 1622 3177 patrimonii
1638 3084 1714 3172 tui,

429 3172 432 3181 “
515 3177 583 3267 qui
609 3176 641 3248 ei
671 3174 832 3339 augendo
861 3174 1061 3341 diligintius
1087 3174 1190 3266 quim
1221 3174 1356 3272 tuipse
1382 3198 1486 3271 queas
1513 3176 1716 3274 invigilent.

524 3270 687 3358 Quorum
726 3288 797 3340 rte
825 3266 919 3341 sorta
990 3270 1224 3343 volontas‘ab
1247 3272 1356 3345 literis
1376 3274 1570 3358 revocarit,
1596 3294 1635 3345 tu
1661 3294 1714 3370 τις

523 3366 662 3439 menda
679 3385 843 3459 operam,
869 3365 916 3435 mi
932 3364 1064 3458 Georgi,
1088 3386 1132 3438 ne
1151 3386 1206 3439 rot
1219 3388 1388 3439 annorum
1401 3366 1511 3441 studia
1527 3369 1592 3440 tibi
1606 3370 1715 3465 depe·

525 3480 633 3535 ruant.
683 3460 810 3531 Latine
834 3480 945 3530 autern
966 3462 1145 3554 loquendo
1161 3459 1405 3556 scribendoque
1423 3482 1544 3557 parata
1566 3462 1716 3538 factrus

522 3576 699 3651 utcunque
717 3556 858 3627 retineri
876 3552 1000 3649 potest.
1048 3554 1177 3649 Neque
1199 3560 1290 3630 ullus
1310 3560 1375 3631 erit
1389 3559 1484 3646 dies,
1508 3558 1567 3631 cui
1583 3578 1622 3631 tu
1641 3582 1716 3633 non

524 3677 650 3747 queas,
676 3669 992 3745 quantumcumque
1019 3648 1094 3723 aliis
1113 3652 1265 3725 intentus
1279 3654 1446 3751 negotiis,
1469 3656 1629 3727 hortrlam
1655 3655 1716 3728 de·

526 3770 690 3841 cerpere‚
714 3766 819 3840 quam
854 3744 959 3817 alicui
990 3746 1131 3841 egregio
1159 3746 1318 3845 scriptori
1346 3747 1497 3844 legendo
1522 3752 1745 3845 impendas,

524 3840 650 3915 Lesiio
668 3862 785 3914 autern
808 3836 868 3911 etsr
892 3862 964 3911 non
986 3844 1117 3927 multa,
1140 3862 1271 3917 attenta
1290 3864 1423 3929 umen,
1446 3846 1635 3938 plurimus
1655 3846 1718 3918 sti·

527 3940 601 4009 lum
628 3938 777 4031 adjuvat.
827 3934 921 4009 Bene
944 3938 1024 4008 vale
1050 3936 1087 4009 δι
1112 3958 1167 4011 me
1190 3960 1278 4013 ama.
1332 3938 1386 4013 Ita
1412 3960 1527 4013 autem
1547 3962 1605 4013 me
1630 3964 1652 4013 a
1674 3955 1719 4017 te

401 4102 406 4112 ,
479 4062 488 4081 ·
522 4035 632 4105 amari
656 4032 868 4126 intelligam,
894 4027 918 4102 li
943 4028 987 4103 de
1010 4032 1154 4127 reliquae
1176 4034 1260 4107 vitae
1282 4052 1355 4109 tuac
1375 4032 1558 4131 proposito
1579 4036 1718 4130 aliquid

386 4111 391 4142 '
423 4168 426 4175 ·
519 4127 568 4199 ad
585 4126 840 4225 mesoripseris.
864 4124 1133 4225 DaturuSpirae.
1158 4129 1322 4207 Calendis
1337 4130 1481 4208 Martiis
1494 4153 1586 4209 auno
1610 4134 1722 4226 1536.

1502 4386 1539 4399 ⁹
1603 4378 1723 4530 uns.
