3967 5167
553 464 643 554 {160
672 459 906 561 VIGLII
936 484 1005 549 aa
1033 458 1301 553 AYTTA
1330 460 1698 561 ZUICHEMI

516 713 522 724 ,
560 654 616 709 tas
642 640 742 731 prelo
774 639 951 732 imponit,
985 633 1168 733 ipsumque
1202 634 1330 712 deinde
1366 641 1504 733 prelum
1541 639 1688 739 subigit,
1715 670 1756 725 ac
1883 658 1884 737 1

482 750 486 758 ·
563 730 703 805 sublatis
728 735 915 830 impreiirs,
939 755 1050 804 novas
1070 734 1196 803 iterum
1216 731 1384 827 subjidt„
1413 734 1500 809 Non
1524 737 1664 830 poliunt
1697 766 1757 815 au·
1883 774 1884 817 l

566 848 636 901 tem
660 828 721 902 nili
740 832 777 901 in
803 854 909 901 unum
931 827 1006 899 folii
1022 830 1114 901 latus
1141 852 1210 902 uno
1234 830 1290 901 die
1313 831 1446 904 chartae
1478 836 1629 927 imprimi
1660 840 1758 933 quod

565 926 666 1019 prius
690 926 889 999 exiccandae
918 923 1009 1011 sint,
1036 946 1079 997 ne
1110 946 1337 997 atramentum
1369 924 1526 1015 diffluat,
1552 932 1588 1004 δι
1613 954 1655 1005 -ut
1676 938 1761 1010 alte·
1883 938 1884 973 ³

566 1022 639 1091 rius
678 1024 795 1093 lateris
828 1020 1076 1116 impreliionem
1109 1021 1326 1093 commodius
1357 1022 1551 1117 suscipiant.
1602 1026 1761 1127 Ideoque

565 1118 671 1189 etiam
692 1114 864 1190 ficcativae
881 1115 1040 1211 quaedam
1067 1118 1220 1188 materiae
1249 1136 1443 1191 atramento
1466 1121 1662 1211 adduntur,
1688 1151 1761 1222 quo

566 1211 727 1306 inpressa
746 1212 832 1284 folia
861 1215 1035 1307 liquorem
1067 1210 1201 1285 facilius
1229 1214 1410 1289 retineant.
1458 1213 1553 1288 Nam
1582 1218 1643 1292 nili
1669 1222 1759 1299 bene

520 1316 531 1331 ⁶
566 1306 704 1381 ficcatae
730 1307 879 1395 fuerint,
904 1327 978 1381 tum
995 1330 1136 1403 quoque
1147 1306 1233 1381 eum
1254 1310 1442 1403 religandae
1463 1310 1564 1401 sunt,
1589 1316 1760 1413 impress'ae

566 1405 756 1477 litterarum
774 1404 896 1498 figurae
918 1401 1112 1502 pulsatione
1128 1401 1230 1477 facile
1243 1403 1462 1478 evanescunt.

617 1498 809 1575 Noviffirne
835 1502 922 1573 verd
961 1499 1225 1591 complicaturo
1254 1522 1397 1596 qnoque
1423 1501 1543 1599 aliquo
1571 1526 1665 1601 opus
1687 1510 1758 1599 est,

566 1597 667 1690 cujus
685 1594 736 1671 est
752 1594 905 1669 officium
928 1592 1103 1691 impreffas
1131 1595 1268 1669 charas
1295 1600 1473 1688 exiccare,
1514 1601 1641 1677 deinde
1664 1628 1760 1679 com·

599 1694 724 1779 licare,
749 1716 790 1766 ac
806 1691 927 1787 postea
948 1694 984 1763 in
1008 1691 1233 1791 duerniones,
1256 1685 1451 1775 terniones,
1476 1700 1762 1789 quaternionesve

570 1714 650 1881 {uti
667 1812 757 1863 nunc
771 1788 973 1884 loquimur)
989 1788 1165 1882 digerere:
1191 1810 1232 1860 ac
1245 1786 1372 1861 deinde
1387 1786 1524 1862 eosdem
1538 1791 1574 1863 in
1588 1794 1767 1891 integrum.

571 1888 756 1970 volumen,
781 1909 821 1958 ac
837 1888 1032 1978 exemplum
1051 1884 1340 1978 quemadmodum
1366 1886 1472 1957 vendi
1502 1884 1635 1975 solent,
1661 1897 1760 1969 00111.

571 2002 680 2075 gere:
715 1981 843 2056 formas
872 2003 1014 2075 quoque
1046 1975 1135 2073 ipsas
1171 1978 1233 2052 ubi
1259 2000 1423 2055 numerus
1448 1982 1759 2077 imprimendorum

573 2078 770 2169 completus
788 2076 858 2160 est,
885 2078 921 2149 ἃ
946 2096 1131 2169 autequam
1145 2073 1228 2170 typi
1245 2073 1361 2149 rursus
1374 2077 1412 2147 in
1434 2073 1512 2149 suos
1532 2078 1758 2175 disponantur

570 2176 729 2259 loculos,
755 2175 940 2267 diligenter
961 2174 1100 2255 lauare,
1125 2194 1167 2243 ne
1185 2192 1259 2243 ater
1286 2169 1502 2267 vistosusque
1524 2174 1641 2271 liquor
1666 2199 1709 2276 ty
1735 2184 1765 2257 lt

570 2272 776 2357 adhereat,
798 2290 841 2343 ac
867 2266 977 2339 minius
1003 2264 1189 2339 commode
1210 2265 1343 2340 idcirco
1366 2270 1424 2340 vel
1453 2268 1619 2345 dissolutae
1645 2207 1762 2353 rurPus

575 2369 683 2455 (dum
702 2388 807 2439 novae
830 2360 1060 2437 conficiendae
1084 2367 1160 2433 lunt
1177 2357 1323 2531 sormaeg
1347 2368 1509 2456 componi
1531 2390 1675 2462 queant:
1701 2376 1763 2447 ad·

573 2465 651 2536 hec
674 2464 776 2536 etiam
800 2462 887 2556 pilas
908 2480 1180 2625 papyrumque,
1205 2480 1275 2552 quo
1325 2460 1424 2533 cilius
1440 2462 1571 2537 litteras
1586 2464 1775 2559 inpressas.

573 2561 740 2653 recipiat,
765 2556 977 2649 interponis
996 2553 1199 2646 quibusdam
1223 2552 1498 2629 hutnediantibus
1522 2559 1676 2635 linteolis
1694 2586 1764 2645 ωας

574 2654 758 2736 delacere,
781 2672 885 2744 atque
907 2671 1135 2725 atramentum
1167 2650 1230 2721 rite
1254 2648 1380 2722 confici
1400 2674 1531 2727 curare.
1580 2655 1623 2729 In
1639 2660 1764 2753 quibua

576 2769 691 2825 nmen
709 2747 822 2843 operis
839 2744 1042 2841 praestandis
1066 2760 1200 2839 partem
1216 2746 1366 2843 aliquam
1383 2746 1446 2845 ipsi
1467 2770 1605 2846 quoque
1624 2754 1766 2852 impres·

573 2848 668 2922 sores
690 2865 936 2935 nonnunquam
959 2840 1117 2913 subeunt,

623 2940 794 3015 Potiffima
811 2961 924 3011 autem
940 2936 1089 3009 officinae
1112 2937 1332 3013 instrumenta
1357 2937 1435 3011 sunt
1458 2942 1564 3037 typi,
1588 2966 1765 3043 papyrus,

571 3054 821 3117 atramentum,
844 3036 948 3129 pilae,
973 3034 1172 3126 &prelum

624 3134 683 3209 De
702 3134 800 3228 typis
814 3132 900 3202 nihil
917 3126 967 3202 est
990 3150 1081 3225 opus
1109 3128 1257 3225 amplius
1276 3128 1403 3205 dicere.

621 3231 787 3325 Papyrus
809 3246 923 3298 autem
939 3224 1120 3321 quomodo
1140 3248 1183 3297 ex
1215 3228 1375 3299 contritis
1405 3228 1678 3329 commolitisque
1697 3233 1764 3321 line

571 3330 673 3404 teolis
689 3326 771 3406 fiat,
795 3324 969 3419 explicare
985 3346 1058 3395 non
1079 3319 1129 3397 est
1144 3345 1244 3415 opus·
1296 3322 1388 3395 Haee
1418 3346 1531 3396 autem
1560 3350 1624 3421 per
1650 3329 1761 3419 folia,
1886 3322 1887 3337 *

574 3448 697 3510 arcus,
722 3420 823 3505 rifat,
848 3443 889 3492 ac
907 3418 1021 3501 balas,
1047 3438 1086 3491 ut
1102 3416 1300 3511 vulgaribus
1313 3438 1389 3491 utar
1403 3420 1585 3495 vocabulis
1598 3423 1762 3521 (quando
1777 3508 1779 3515 y

573 3522 701 3594 Latina
725 3512 913 3609 deliciunt)
937 3513 1101 3609 distingui
1116 3512 1209 3587 solet.
1260 3512 1432 3587 Continet
1454 3538 1569 3589 autem
1589 3520 1666 3596 bala
1683 3524 1764 3599 risar

573 3618 712 3691 decem:
740 3610 804 3684 risa
816 3634 916 3683 arcus
932 3612 1079 3703 viginti:
1103 3630 1206 3681 arcus
1225 3608 1337 3681 rursus
1348 3608 1432 3682 folia
1447 3614 1570 3705 viginti
1579 3619 1760 3715 quinquae.

572 3713 665 3789 Cium
690 3729 804 3783 autem
818 3708 899 3778 baia
915 3709 1040 3799 papyri
1056 3704 1211 3776 inmrmis
1233 3707 1386 3798 quinque
1403 3705 1541 3781 florenis
1566 3717 1758 3803 vendatur,
1886 3726 1887 3755 ³

571 3811 633 3884 ubi
648 3803 818 3901 impreiiro
852 3798 1010 3887 acteffit,
1043 3801 1170 3894 viginti
1194 3799 1268 3875 ferd
1291 3802 1447 3877 estimari
1472 3802 1566 3877 solet.
1886 3808 1887 3891 i

614 3898 857 3976 'linamentum
890 3917 1002 3968 autem
1038 3896 1109 3968 hoc
1133 3896 1309 3968 librarium
1335 3898 1654 3997 impress'oriumque
1686 3910 1783 3977 nou'
1886 3906 1887 3973 l

568 4003 716 4073 multum
748 4022 769 4070 a
794 3993 980 4089 scriptorio
1004 3988 1143 4081 differt,
1167 3993 1263 4087 quod
1290 3994 1497 4088 potiffrmum
1520 4018 1563 4068 ex
1588 4000 1650 4071 lini
1675 4001 1759 4077 oleo
1784 4088 1788 4095 ,
1886 3986 1887 4003 ’

568 4092 744 4192 glell'oque
768 4090 962 4164 conficitur.
1598 4174 1599 4179 η

606 4188 690 4260 Pila·
700 4208 812 4261 autem
824 4186 1009 4280 hemicycli
1018 4180 1164 4259 formam
1177 4183 1566 4283 habent,constantque
1576 4188 1666 4263 folio
1676 4192 1757 4287 pilis

490 4356 493 4362 .
563 4272 717 4367 suffulto.
729 4282 838 4379 Quod
847 4284 929 4381 quia
937 4280 1038 4359 facile
1049 4280 1251 4370 conteritur,
1259 4302 1392 4365 mutare
1401 4278 1544 4365 subinde
1552 4284 1758 4463 necpilelest‚

607 4420 610 4425 ·
1648 4406 1685 4459 re
1700 4410 1757 4462 um
