3967 5167
446 460 453 473 ’
537 562 622 627 220
648 528 885 636 vlam
922 553 989 626 m
1015 528 1276 629 arura
1309 530 1674 629 zulcaaou

358 760 481 902 2333·
651 755 1158 867 aprs'roua
1213 756 1610 863 Lxxxrv.

623 928 1696 1083 HAYON1HERMANNQ'

360 920 414 983 fol.
434 919 499 995 376.

390 1216 494 1304 153⁶·
539 1214 735 1309 Primum
762 1210 1010 1329 dialogorum
1023 1208 1195 1323 suorum
1231 1208 1376 1302 librum
1407 1212 1458 1301 de
1489 1210 1742 1323 Institutione

557 1336 561 1343 '
597 1324 900 1446 Jurisconsolti,
914 1328 1055 1417 mittit
1063 1322 1146 1436 soli
1163 1324 1435 1459 interlocutori
1451 1323 1618 1441 Rupilio
1636 1335 1748 1418 com·'

598 1439 909 1542 munerandum,
936 1438 985 1523 de
1010 1462 1088 1553 quo
1115 1433 1514 1635 Hayooisloudo'cium
1542 1448 1740 1557 exquirit.

600 1556 732 1647 Addit
757 1554 806 1641 de
825 1546 939 1641 rebus
966 1546 1125 1673 Frssois
1158 1548 1307 1641 monol
1318 1580 1357 1641 a.

608 1781 756 1895 Xitalia
765 1831 777 1869 ,
801 1778 975 1855 clariffime
998 1780 1112 1894 Krya,
1128 1782 1248 1858 unicas
1266 1798 1399 1857 tantum
1412 1781 1533 1893 literae
1549 1782 1612 1857 abs
1629 1799 1667 1857 te
1682 1807 1745 1897 ac·

543 1996 587 2049 ac
618 1876 835 2071 diiiiuoriri
851 1877 1741 2072 qgagffirnduelffiffirifflmegffi

542 2071 691 2159 librum,
717 2070 848 2143 dudum
867 2094 887 2143 a
904 2090 960 2142 me
982 2068 1390 2239 timromiffumrcim
1431 2071 1557 2143 timum
1573 2068 1744 2147 idoneum

545 2170 714 2240 nuncium
730 2161 851 2237 naiius
872 2163 990 2250 diem,
1053 2166 1060 2179 '
1090 2190 1191 2241 urum
1204 2189 1260 2239 me
1273 2164 1319 2239 ad
1333 2186 1369 2238 te
1429 2163 1593 2262 eseripfi.
1645 2166 1744 2242 Cim

545 2264 634 2337 verri
659 2284 763 2339 nemo
794 2260 856 2335 diu
886 2259 1072 2336 offerretur
1097 2266 1256 2336 cuicum
1281 2262 1497 2336 committere
1524 2259 1673 2356 poffem:
1695 2260 1744 2338 ἃ

546 2380 706 2445 vererer,
739 2380 783 2431 ne
815 2376 851 2430 te
881 2380 957 2430 mea
982 2380 1079 2431 mora
1112 2357 1328 2433 offenderet:
1361 2380 1433 2431 non
1457 2358 1557 2430 oliam
1580 2358 1743 2433 invenire

545 2456 719 2551 rationem*
739 2455 860 2549 potui,
884 2452 987 2551 quim
1012 2476 1052 2527 ut
1077 2454 1202 2547 Rupilio
1225 2449 1429 2550 inscriptum
1456 2474 1522 2549 per
1546 2451 1741 2529 Dominum

545 2550 705 2645 Joarrem
743 2550 1019 2645 Poungorrnerum
1051 2547 1329 2645 Augustensem,
1360 2547 1552 2622 Patavium·
1570 2547 1743 2623 transmit·

546 2648 577 2720 ti
603 2666 770 2721 curarem.
819 2644 962 2719 Reddet
985 2646 1106 2741 itaque
1126 2646 1191 2720 tibi
1223 2666 1304 2717 eum
1325 2646 1488 2737 Rupilius,
1512 2645 1571 2715 vir
1596 2645 1745 2719 doeeiffi-

547 2764 623 2815 mus
648 2762 689 2815 ac
714 2740 800 2813 mihi
826 2740 1131 2835 conjunstiisrmus,
1156 2764 1262 2838 quem
1278 2740 1377 2813 ineo
1401 2739 1477 2835 ipso
1503 2739 1646 2835 dialogo
1674 2764 1746 2815 me·

548 2858 629 2912 cum
658 2826 917 2931 iolloquentem
942 2838 1148 2923 introduxi,
1179 2860 1220 2911 ut
1248 2839 1314 2909 hac
1338 2833 1516 2910 oecafione
1538 2838 1640 2908 illum
1669 2860 1746 2911 non

548 2930 656 3007 modo
682 2954 728 3004 ex
756 2933 840 3003 meis
862 2930 932 3027 istis
950 2932 1072 3027 nugis,
1096 2931 1155 3006 sed
1179 2930 1341 3028 praesenti
1362 2933 1519 3027 alloquio
1540 2954 1668 3004 notum
1683 2934 1745 3006 ha·

549 3028 641 3103 beas.
692 3024 831 3101 Permifi
850 3046 964 3101 autem
997 3050 1037 3102 ut
1056 3030 1116 3102 ille
1133 3030 1305 3123 aperiret,
1330 3029 1535 3123 videretque
1558 3052 1641 3102 num
1664 3026 1746 3102 satu

549 3122 702 3197 fideliter
718 3124 790 3220 eJus
805 3120 988 3198 sententias
1009 3122 1205 3198 retuliiiem.
1253 3121 1385 3195 Praeter
1406 3126 1504 3196 hunc
1531 3146 1638 3197 unum
1658 3174 1671 3209 ,
1694 3123 1746 3196 mi

551 3216 753 3306 Hermanno,
788 3219 876 3291 nulli
900 3221 1095 3293 mortalium
1117 3216 1197 3292 istas
1225 3242 1318 3294 meas
1346 3242 1455 3314 nugas
1486 3222 1747 3294 communicare

551 3338 588 3391 te
615 3317 732 3391 velim.
784 3312 1005 3410 imperfectas
1035 3319 1126 3389 enim
1162 3316 1201 3389 δι
1226 3316 1401 3411 impolitas
1421 3337 1467 3387 ex
1497 3314 1631 3389 schedis
1656 3317 1746 3389 meis

550 3409 623 3508 ipse
647 3412 884 3505 indiligentius
911 3410 1095 3507 descripfi:
1119 3408 1201 3485 crim
1223 3432 1291 3485 nec
1316 3411 1478 3483 elimaudi
1506 3414 1615 3484 otium
1640 3412 1748 3485 habe-

551 3528 647 3593 rem,
673 3532 738 3581 nec
763 3528 858 3580 tuam
882 3509 1159 3603 expectationem
1189 3508 1329 3602 longius
1367 3506 1528 3581 sustinere
1569 3506 1749 3585 auderem.

553 3602 795 3698 Quamobrem
825 3624 874 3677 ut.
893 3602 1045 3677 {ruitum
1071 3604 1224 3716 aliquem
1247 3600 1403 3697 obsequii
1426 3602 1494 3676 mei
1519 3626 1540 3675 a
1562 3625 1598 3679 te
1630 3602 1753 3678 conse·

553 3698 1753 3891 umffffiffiuuuufflffiffluffluui

408 3968 412 3979 ,
553 3914 653 3965 tuum
667 3892 753 3964 mihi
769 3892 938 3986 impartiri
958 3911 1029 3962 non
1044 3892 1219 3987 graveris,
1244 3912 1354 3986 eaque
1372 3914 1452 3985 quae
1468 3914 1503 3966 te
1516 3894 1625 3968 'velia
1641 3892 1752 3965 rebus
1857 3920 1865 3928 ’

554 3988 613 4061 vel
640 3988 676 4058 in
711 3986 828 4060 verbis
853 3984 1059 4073 offendent,
1090 3983 1240 4060 fideliter
1264 4006 1298 4059 at
1325 4010 1369 4061 ue
1404 3985 1540 4075 amice,
1564 3988 1636 4082 quri
1663 4009 1753 4059 tem-

600 4080 684 4155 stive
714 4083 889 4178 corrigere
921 4106 1067 4177 queam,
1091 4082 1237 4157 indices.
1314 4084 1363 4155 cis
1386 4084 1477 4157 euim
1498 4084 1569 4156 hoc
1585 4080 1754 4178 antiquis·

581 4200 673 4249 mum
710 4176 776 4253 effe
798 4200 960 4253 verorum
996 4181 1188 4253 amicorum
1213 4177 1385 4267 officium,
1411 4202 1454 4251 eo
1480 4181 1590 4275 magis
1616 4178 1653 4250 in
1677 4179 1753 4254 hoc

537 4274 748 4367 argumenti
773 4296 900 4370 genere
926 4274 1170 4364 neceiiarium,
1203 4276 1276 4369 quoi
1301 4276 1346 4347 ad
1375 4276 1531 4369 plurium
1564 4274 1755 4350 utilitatem

552 4368 663 4471 ipsum
689 4392 710 4444 a
737 4392 793 4445 me
826 4366 947 4447 sedulo
970 4368 1164 4467 susceptum
1195 4370 1256 4448 est.
1303 4368 1362 4445 Ex
1388 4368 1497 4447 Frifia
1529 4369 1649 4445 nostra
1671 4370 1754 4447 satis

1585 4466 1756 4566 prospera
