3967 5167
369 534 562 637 onst.
593 530 901 639 munera
927 556 997 639 n>
1024 466 1377 640 mnemon
1417 571 1480 666 ,ς

197 812 203 820 ,
267 698 1118 829 optaco2n0,'q=0acortenum1aum
1150 750 1246 815 man
1274 734 1465 825 labeone.
1579 741 1582 745 ·

266 826 378 923 cotue
400 828 553 903 studium
568 828 749 903 semaluos
761 828 901 925 ptoleffi
920 852 1110 926 numquam
1126 828 1353 925 deponemus.
1379 834 1466 912 Hoc

127 916 131 927 ’
263 923 352 997 seito
371 927 498 999 nulline
520 929 590 1000 hoc
611 948 704 999 auno
726 923 835 1021 mque
852 926 1076 1007 ,celebratum
1095 948 1224 1007 nomen
1250 929 1398 1008 eroum
1420 932 1461 1007 iu

261 1021 332 1094 hac
355 1021 574 1110 Academia,
607 1042 714 1117 atque
741 1042 853 1095 tuum,
912 1024 1088 1106 llcmnmts
1112 1026 1243 1101 Sotiates
1266 1026 1369 1101 valde
1394 1025 1458 1107 fiel
1529 1021 1534 1025 ’
1579 1098 1582 1111 ,

260 1118 413 1192 timebat.
466 1117 615 1213 Collega
630 1122 817 1213 Artigariut
835 1116 1025 1203 ambitione
1039 1119 1135 1197 illino
1149 1117 1284 1208 viiito,
1306 1123 1456 1203 verbum

260 1212 303 1285 de
327 1238 363 1289 te
380 1214 525 1287 nullum.
577 1214 672 1287 Inter
687 1216 752 1287 hot
771 1216 944 1310 proximis
960 1214 1087 1297 mitt
1103 1216 1231 1294 aerim
1251 1217 1291 1290 in
1315 1218 1456 1299 circuiit

257 1312 460 1384 altercatum
482 1308 550 1393 est,
575 1334 616 1384 ac
630 1312 691 1383 illa
707 1314 924 1405 legatorum,
948 1308 1358 1406 fideicommilsotumque
1371 1337 1458 1392 con-

256 1408 397 1496 corma,
410 1406 620 1503 gratilianae
641 1404 835 1501 interiplor
851 1406 1040 1487 dilen-diat
1057 1407 1206 1495 exurit,
1224 1428 1303 1482 uatn
1317 1410 1353 1481 iu
1372 1434 1453 1491 ean·

255 1502 337 1575 dem
359 1501 635 1577 controversiam
654 1502 786 1597 semper
811 1500 933 1597 pistilli
949 1504 987 1583 in
1009 1524 1142 1585 morem
1165 1503 1452 1601 revolvebantur.

257 1596 365 1669 curru
400 1596 746 1694 remilia-priuilegio
768 1595 835 1676 iaie
859 1596 1061 1694 disputandi
1084 1598 1281 1687 neeeffttae,
1303 1624 1370 1678 nec
1385 1606 1451 1683 iut-

252 1712 390 1785 petrare
409 1698 530 1777 'tamen
555 1713 721 1790 poterat,
752 1714 793 1767 ut
819 1694 899 1795 post
924 1696 1103 1770 meridiem
1128 1696 1276 1789 legeret.
1323 1694 1448 1793 ltaque

251 1786 362 1863 faetus
388 1790 437 1863 est
457 1814 571 1864 merua
593 1791 760 1865 recitatur
788 1812 1016 1901 eorumquae
1037 1789 1177 1874 edidit;
1210 1812 1274 1865 nec
1296 1794 1446 1869 verbum
1510 1846 1515 1853 -

107 1928 119 1939 ·
251 1885 380 1971 addit,
412 1884 493 1967 cium
517 1906 631 1964 tamen
655 1887 713 1967 alii
736 1889 773 1961 iu
793 1886 950 1981 repetitis
975 1884 1282 1983 praelectionibus,
1313 1911 1446 1965 novum

249 1982 294 2053 ad
315 1980 514 2078 scriptasit
537 1982 730 2057 auferentes
749 1984 917 2077 judiciam
927 2032 942 2079 1,
967 1985 1135 2077 pleraque
1155 1980 1283 2059 tellina
1307 1990 1447 2063 tradere

247 2075 391 2157 soleant.
439 2078 535 2164 Audi
559 2078 665 2161 modo
688 2079 774 2175 quid
798 2100 865 2175 ego
886 2101 930 2150 ex
953 2080 1006 2165 tui
1034 2079 1168 2173 negotii
1187 2084 1444 2244 procuratione

244 2174 337 2285 lucri
365 2172 571 2270 acceperim.
623 2173 715 2274 Cultu
739 2194 839 2249 antea
866 2175 925 2249 hic
948 2173 1035 2248 mihi
1059 2174 1098 2249 δι
1120 2173 1185 2247 Mu
1199 2196 1229 2285 tt
1253 2198 1442 2267 canerem,

243 2268 1442 2464 iiiiiiffiiliiiiiiiiiiiiliiltiiiiiiiiii

242 2459 481 2557 Institutionum
498 2465 683 2557 provincia
704 2464 865 2539 mandata
889 2480 977 2545 etat,
1005 2484 1074 2557 ego
1091 2458 1263 2535 suocelior
1279 2460 1435 2561 deigna-

242 2577 299 2635 tut
316 2555 389 2635 sum
399 2608 411 2644 ,
435 2554 722 2655 sitientibusque
738 2556 1051 2651 &impellentibus
1070 2558 1187 2633 amicis
1205 2553 1335 2632 auem.
1387 2554 1439 2635 Et

240 2647 407 2735 hamtona
424 2676 504 2733 meo
520 2672 659 2731 munere
681 2651 761 2729 satit
779 2648 930 2729 feliciter
941 2650 1015 2725 sum
1037 2650 1198 2734 mutius,
1222 2651 1355 2726 tametfi
1372 2656 1432 2730 ad·

239 2744 594 2843 versariumhabeam
619 2747 757 2824 dotium
775 2748 935 2845 quldem,
961 2748 1109 2826 sednon
1135 2751 1249 2824 minus
1274 2749 1434 2823 ambitio·

239 2840 341 2928 lum,
366 2866 474 2943 atque
495 2848 597 2924 etiam
615 2846 729 2921 civem
752 2842 979 2930 Patauinum,
1005 2844 1194 2922 domestico
1216 2842 1341 2919 favore
1357 2868 1433 2922 ntu-

237 2942 359 3013 nitom.
407 2943 530 3017 Didici
552 2944 669 3037 itaque
686 2940 726 3013 ot
743 2939 815 3037 lpse
830 2944 867 3015 in
885 2942 1025 3015 circuiit
1040 2942 1211 3017 macari.
1242 2938 1432 3020 Reelorem

237 3036 328 3111 ualli
345 3034 455 3121 sumus
472 3062 544 3113 oon
561 3036 610 3113 sat
633 3037 743 3125 causae
758 3060 829 3111 tuae
847 3038 1021 3119 laventem
1030 3086 1043 3123 ,
1066 3038 1243 3132 agitatque
1259 3035 1304 3111 de
1328 3062 1432 3114 revo-

236 3134 480 3231 candoParifio
506 3136 521 3223 (
532 3134 598 3233 a),
623 3132 680 3207 sed
700 3131 823 3210 frustra
842 3152 1010 3229 quantum
1029 3134 1145 3207 adhuc
1168 3132 1324 3227 colligo,
1346 3133 1430 3209 cum

236 3234 328 3303 nulla
348 3234 444 3333 apud
460 3228 648 3307 Praefeilos
669 3226 854 3325 Gymnasti
870 3231 980 3325 gratia
996 3230 1139 3323 polleat.
1174 3226 1294 3301 Credo
1313 3250 1430 3305 autem

233 3324 359 3403 elurire
382 3330 579 3413 hominem,
603 3328 642 3400 ἁ
658 3324 862 3421 expetiere,
887 3346 927 3399 ut
951 3348 1015 3397 noa
1040 3326 1156 3417 aliqua
1172 3324 1428 3419 pollicitatione

232 3416 270 3494 in
290 3424 439 3496 nostram
462 3422 572 3521 ipsum
598 3420 801 3495 sententiam
829 3422 1063 3501 deducamus,
1088 3418 1222 3493 scores
1250 3441 1323 3491 non
1353 3442 1428 3493 aut·

230 3518 326 3617 plius
356 3540 465 3613 penes
493 3542 570 3592 eum
598 3515 671 3606 est,
705 3514 742 3590 &
765 3518 991 3593 Advocatum
1016 3515 1183 3589 habemur
1205 3513 1425 3589 tanetum

258 3618 405 3691 uendarn
421 3618 484 3710 qui
504 3614 660 3703 Venetiis
680 3611 879 3711 postulandi
900 3636 1027 3689 munus
1046 3634 1207 3684 exercere
1226 3612 1345 3704 ctepit.
1370 3610 1423 3685 Et

228 3638 256 3782 3
278 3711 362 3809 quid
380 3734 471 3805 opus
491 3710 556 3783 ess'e'
578 3712 868 3797 intellexerimus,
894 3712 987 3784 illius
1012 3707 1133 3783 favore
1151 3706 1300 3802 aliquam
1322 3708 1423 3781 inve-

226 3806 359 3891 niemus
384 3809 575 3893 rationem,
600 3828 670 3903 qua
693 3808 736 3884 ab
761 3804 838 3907 ipso
861 3812 1086 3905 impetremus
1110 3828 1153 3881 nc
1168 3800 1279 3882 causae
1293 3801 1421 3877 nostrae

1321 3896 1422 3975 obit.

228 4092 231 4099 '
267 4080 331 4183 (a)
355 4080 499 4167 Porifio]
533 4084 565 4148 lt
587 4080 634 4148 est
655 4080 765 4147 Petrus
794 4078 909 4145 Paulos
929 4078 1067 4161 Partfins
1086 4076 1144 4160 qui
1171 4076 1217 4142 ob
1240 4075 1415 4171 celebrem

215 4168 498 4254 jurisprudentiae
527 4166 670 4242 famam,
693 4168 728 4233 in
750 4162 957 4235 nobilisslrois
978 4164 1087 4229 italice
1102 4160 1272 4228 cathedris
1287 4160 1417 4243 speeta-

220 4266 278 4317 tut
298 4252 390 4328 fuit,
418 4268 457 4317 ut
477 4249 525 4318 est
546 4252 581 4315 in
613 4254 686 4335 ejus
708 4249 884 4351 epitaphio
913 4247 1005 4333 apud
1026 4246 1170 4310 Miraettm
1191 4252 1224 4309 io
1237 4243 1340 4341 script:
1353 4244 1413 4327 stt.

215 4334 321 4403 ’ΧΗ
341 4336 422 4417 apud
436 4335 604 4402 Fabricium
619 4352 654 4419 p.
680 4339 750 4419 148.
789 4334 870 4405 luit
889 4331 967 4419 post
986 4330 1022 4402 S.
1043 4328 1085 4401 K
1104 4328 1145 4398 E.
1166 4327 1358 4399 Catdtualts
1374 4326 1413 4399 tlt

220 4419 308 4491 obiit
333 4436 387 4487 an.
409 4438 499 4509 1545.
520 4434 613 4487 aetat.
632 4435 686 4507 72.
1565 4422 1575 4437 ·
