3967 5167
771 456 1673 634 pessimos

521 719 761 841 inventario
772 778 785 824 ,
814 742 895 805 nec
921 712 1195 823 testamento,
1223 738 1305 803 nec
1322 710 1562 803 demum'in
1580 710 1779 811 codicillo

452 867 457 875 '
522 866 651 941 notus
679 844 750 935 est.
810 842 944 935 Unde
986 868 1091 955 ergo
1120 840 1211 929 haec
1237 839 1458 934 volumina
1491 858 1677 957 quatuor
1704 844 1779 935 mi-

525 995 696 1123 grarupt
723 977 766 1063 in
782 970 1030 1086 Collep'um
1050 968 1213 1085 Viglii?
1240 970 1292 1061 Id
1311 978 1432 1081 juxta
1446 968 1533 1063 scio
1550 998 1651 1063 curn
1667 971 1779 1089 igna-

528 1104 749 1320 r11iindisuim
793 1223 1063 1339 epistolarum
1108 1250 1185 1337 per
1232 1219 1437 1336 Feijonern
1476 1222 1732 1343 descriptam

526 1357 666 1448 multo
697 1352 881 1441 maxima
909 1376 1007 1465 pars
1037 1349 1279 1437 continetur
1307 1349 1353 1437 in
1375 1347 1671 1444 voluminibus
1697 1376 1781 1467 per

463 1586 464 1591 Ν
510 1483 764 1573 Adsiduum
804 1476 1049 1565 Goudanssm
1080 1470 1331 1588 descriptis,
1370 1499 1420 1563 ac
1458 1472 1625 1590 ignatis
1656 1474 1783 1567 n.11.

526 1606 597 1697 ΙΙΙ.
638 1605 717 1705 IV.
756 1603 931 1693 Inseruit
963 1602 1073 1715 Feijo
1103 1598 1329 1691 nonnullas
1356 1599 1555 1716 epistolas
1586 1604 1783 1696 virorum

528 1733 791 1827 eruditorum
821 1731 875 1821 ad
908 1729 1130 1843 Viglium,
1158 1754 1261 1843 quas
1294 1726 1505 1819 Adrianus
1538 1754 1629 1819 non
1664 1728 1781 1821 exhi·
1906 1821 1907 1824 Ν

529 1861 616 1959 bet.
672 1860 782 1952 Item
807 1854 1002 1973 epistolas
1040 1852 1240 1968 aViglio
1257 1852 1452 1943 ‘aliorum
1478 1858 1655 1948 nomine
1682 1880 1782 1953 con·

531 1991 726 2104 scriptas,
747 1985 882 2080 veluti
906 1984 1081 2073 nomine
1109 1980 1311 2097 Episcopi
1331 2011 1383 2071 ac
1406 1984 1611 2099 principis
1634 1980 1785 2076 Mona·

334 2118 342 2151 ”
531 2112 736 2207 sterienfis
761 2112 816 2201 ad
850 2110 1030 2199 Paulum
1061 2107 1221 2224 Papam
1247 2105 1321 2196 ΙΙΙ.
1359 2113 1404 2198 dr
1425 2108 1604 2225 Reginae
1638 2110 1785 2201 Marta

532 2237 761 2353 Hungariae
778 2235 952 2323 nomine
969 2231 1023 2321 ad
1040 2230 1203 2337 Julium·
1220 2226 1303 2321 ΡΡ.
1332 2228 1404 2319 Ili.
1433 2233 1652 2350 variasque
1671 2232 1784 2324 alius

533 2366 745 2456 Adrianus
768 2362 974 2475 temporis
1002 2359 1211 2447 rationem
1245 2354 1418 2463 habuit,
1446 2359 1490 2448 δι
1515 2368 1606 2471 eius
1633 2358 1787 2452 ordine

533 2494 705 2588 servato
721 2484 952 2599 descripsit,
980 2482 1093 2596 Fessi
1114 2483 1280 2571 nulium
1297 2484 1492 2579 servavit.
1550 2486 1685 2581 Unde
1702 2488 1787 2581 for⁴

537 2644 589 2724 te¹
597 2620 826 2709 dicendum
841 2616 890 2705 fit
908 2614 1141 2701 Adrianum
1169 2610 1418 2726 descripsrffe
1446 2613 1541 2728 post
1560 2614 1789 2728 Feijonem,

537 2746 655 2863 quod
692 2744 795 2833 mihi
833 2739 978 2833 videre
1006 2736 1161 2826 videor
1189 2762 1245 2823 ex
1271 2736 1359 2824 vol.
1387 2737 1448 2837 V.
1477 2737 1553 2831 ubi
1590 2770 1685 2857 pag,
1716 2773 1789 2861 ²9·

538 2875 594 2965 ad
631 2869 847 2987 epistolam
889 2864 1081 2979 Casperis
1122 2858 1261 2969 Urstni
1295 2860 1403 2951 Velis⁸
1433 2862 1489 2952 ad
1520 2857 1704 2980 Vigiium
1719 2871 1789 2963 da-

538 3023 627 3092 tam
645 2984 702 3087 ex'
720 2996 952 3109 OEniponte
982 3014 1020 3102 7.
1048 2986 1266 3082 Februarii
1287 3015 1409 3100 1532.
1428 2988 1519 3080 haee
1541 2991 1588 3079 in
1601 2998 1791 3113 margine

420 3194 430 3203 „
540 3132 642 3245 lego
669 3124 744 3215 alii
783 3150 911 3211 manu
950 3114 1136 3226 adjeoa:
1179 3113 1407 3205 Omittasur
1434 3116 1494 3211 &⁹
1521 3123 1792 3237 interseratur

544 3258 673 3345 literis
701 3254 899 3339 sororum
928 3252 1146 3347 virorum,
1185 3242 1303 3348 &st
1327 3268 1427 3358 quas
1441 3244 1597 3355 similes
1623 3249 1698 3341 alii
1723 3249 1795 3342 oei

546 3390 600 3472 sd
630 3381 674 3472 V
672 3380 810 3495 iglium
835 3372 905 3465 vel
926 3374 981 3458 ad
1003 3372 1102 3459 alios
1119 3366 1382 3485 scripserunt.

605 3508 813 3598 Ceterum
843 3526 899 3589 ex
936 3496 1003 3586 his
1038 3515 1220 3611 quatuor
1252 3494 1543 3587 voluminibus
1571 3498 1795 3618 selegimus
1907 3554 1908 3557 κ

403 3704 408 3717 .
547 3630 773 3726 nonnullas
789 3624 1008 3742 epistolas,
1037 3648 1130 3737 quae
1151 3619 1196 3706 in
1220 3618 1432 3733 prioribus
1453 3620 1536 3711 illis
1553 3652 1631 3741 per
1643 3626 1795 3723 Adria·

471 3784 482 3803 '
548 3796 645 3857 rrum
678 3764 916 3854 Gaudentem
944 3750 1160 3867 descriptis
1187 3752 1372 3844 inventa
1397 3778 1489 3840 non
1514 3750 1623 3843 sunt.

610 3888 730 4001 Quid
763 3884 950 3976 utilitatis
988 3878 1285 3995 epistolissuis
1327 3876 1456 3968 incise
1490 3875 1664 3995 Viglius
1698 3912 1794 3975 cen.

548 4020 704 4121 suerit,
739 4017 783 4101 in
811 4009 1063 4100 testamento
1094 4004 1169 4094 suo
1208 4002 1427 4121 prodidit,
1460 4000 1535 4095 ubi
1562 4030 1606 4093 n.
1643 4034 1706 4097 12.
1735 4013 1794 4107 ita

552 4146 756 4264 loquitur:
785 4136 932 4233 Libros
947 4132 1226 4246 firmiliarissm
1253 4128 1538 4249 epistolarum,
1564 4139 1797 4258 ceterasque
1897 4158 1904 4171 ·

1724 4297 1794 4361 ms
