3967 5167
301 458 506 563 eursu
544 460 850 562 succurre
881 488 947 559 m
977 443 1310 565 orvunsos.
1369 504 1450 589 233

108 654 110 659 ’
233 642 432 739 imperiose
469 642 688 737 municipalis
735 638 918 735 potestatis
958 659 1136 735 praetextu
1161 640 1255 715 suam
1284 667 1446 723 exercere

229 738 518 833 jurisdictionem
544 740 581 810 in
609 760 681 809 non
705 734 879 823 subditos,
903 734 1012 831 idque
1037 738 1073 809 in
1093 736 1193 813 cauli
1213 742 1291 833 qu‘ae
1309 738 1445 839 semper

232 834 279 905 ab
295 832 456 929 ipsorum
481 832 602 907 officio
618 833 742 905 naturis
760 830 820 905 suti
851 828 998 905 discreta
1019 828 1106 919 fuit,
1130 833 1210 907 cirrn
1233 834 1368 929 ipsimet
1392 844 1440 912 le·

229 929 370 1023 gitimae
396 933 436 1007 ἃ
462 928 633 1003 Caesareae
657 928 838 1024 potestatis
856 930 893 1000 in
921 926 974 1013 se,
999 928 1107 1022 aqui
1130 928 1280 1023 ipsorum
1299 957 1440 1031 quoque

229 1026 350 1100 omnis
371 1022 510 1099 functio
528 1046 631 1119 atque
652 1024 865 1109 authoritas,
889 1019 1031 1123 iiredle
1053 1046 1125 1094 rem
1149 1029 1369 1119 perpendere
1395 1035 1438 1106 li·

227 1120 327 1209 bet,
364 1124 412 1197 de
440 1122 574 1208 endet,
606 1120 695 1195 adeo
718 1143 841 1216 parum
866 1119 1109 1202 meminerint,
1140 1122 1355 1197 rationemve
1376 1128 1437 1201 ha·

157 1224 160 1231 '
226 1216 355 1293 beant.
412 1146 485 1291 bed
502 1218 546 1291 ad
564 1217 636 1291 hoc
650 1215 729 1289 illos
745 1214 876 1291 scilicet
893 1216 1119 1309 Euangelicae
1134 1215 1356 1292 conscientiae
1370 1220 1439 1319 spi·

224 1307 325 1389 ritus
346 1314 541 1410 compellit.
591 1310 726 1387 Vestitu
754 1312 840 1384 mihi
867 1335 938 1385 non
961 1331 1032 1383 tam
1055 1312 1270 1407 perniciosus
1296 1314 1436 1393 videtur

224 1431 336 1482 error
361 1410 584 1496 mortalium,
607 1410 646 1481 in
670 1407 897 1503 opinionibus
923 1408 1028 1489 semel
1051 1409 1095 1481 de
1113 1408 1298 1507 Religione
1316 1410 1432 1489 aliisve

223 1503 342 1578 rebus
361 1492 565 1601 susceptus,
590 1526 694 1597 quam
716 1502 819 1574 stulta
835 1503 872 1576 δι
897 1524 1063 1597 arrogans
1088 1508 1283 1594 temeritas,
1307 1506 1356 1579 ita
1380 1510 1432 1581 vi·
1500 1494 1508 1511 ’
1549 1558 1551 1562 -
1660 1539 1663 1547 ·

224 1597 367 1674 delicet
385 1603 538 1673 animum
561 1597 749 1672 obfirmare
765 1596 883 1683 suum,
909 1616 949 1670 ut
972 1596 1035 1671 nisr
1078 1601 1147 1673 uod
1171 1598 1234 1699 ipsr
1260 1600 1430 1695 sentiunt,

222 1694 319 1769 nihil
345 1694 477 1771 redium
504 1714 653 1793 putent,
678 1692 803 1791 suaque
828 1689 920 1765 dieta
946 1690 985 1765 dt
1008 1622 1100 1767 rada
1122 1692 1325 1783 lebrella,
1350 1702 1428 1795 pia,

224 1787 265 1863 δι
283 1792 514 1877 divinabat,
540 1812 748 1864 caeterorum
776 1789 863 1862 verb
889 1812 959 1865 non
987 1788 1059 1863 fine
1084 1814 1208 1886 magna
1229 1794 1363 1871 ratione
1390 1798 1429 1873 δι

222 1888 445 1960 authoritate
478 1910 589 1962 conce
617 1904 663 1959 tae
697 1884 910 1979 opiniones,
943 1886 1031 1958 nihil
1061 1884 1123 1961 nisr
1146 1888 1234 1960 meri
1266 1912 1426 1980 errores,

223 1978 476 2078 blasphemie,
509 1908 848 2057 &abominationes
879 1980 1082 2055 habeantur.
1131 1980 1239 2056 Unde
1265 1988 1352 2061 mihi
1373 1990 1424 2063 vi·

223 2076 365 2167 detur,
390 2076 486 2173 quod
506 2078 631 2151 virium
654 2077 761 2162 illud,
785 2097 858 2171 quo
880 2098 983 2151 vetus
1013 2078 1193 2153 laborabat
1219 2079 1424 2179 Theologu-

222 2193 308 2247 rum
339 2174 625 2260 Monachomm,
651 2172 688 2247 δι
713 2170 962 2263 Magistrorum
988 2173 1183 2246 nostromm
1208 2173 1359 2262 Schola,
1385 2199 1425 2253 ut

223 2270 403 2367 quicquid
420 2272 487 2343 illis
512 2264 1011 2365 displiceret,.scandalosum,
1034 2271 1261 2358 haereticum,
1287 2271 1424 2346 offenss-

224 2384 316 2437 vum
339 2368 478 2462 piarum
504 2368 639 2441 aurium
653 2364 722 2437 &c
750 2361 856 2435 ess'et:
880 2386 973 2435 nunc
989 2368 1119 2459 majore
1139 2386 1254 2461 prope
1283 2372 1438 2443 temeri··

223 2478 303 2536 tate
325 2483 366 2535 ac
384 2464 570 2555 tyrannide
586 2458 629 2534 ab
653 2458 723 2531 istis
742 2457 937 2551 usurpetur.
986 2458 1041 2530 Ac
1060 2457 1085 2530 fi
1101 2462 1188 2533 adeo
1202 2463 1269 2535 iliis
1286 2482 1421 2539 certum

223 2556 301 2641 est,
327 2578 398 2631 non
421 2552 517 2653 poss'e
542 2554 576 2627 l‘e
598 2574 735 2637 errare,
762 2552 847 2649 quid
872 2556 1059 2629 inclament
1082 2553 1236 2630 concilii
1259 2557 1422 2634 detumi-

224 2654 428 2737 nationem,
442 2651 502 2725 cui
512 2672 611 2747 aeque
626 2670 696 2722 non
712 2645 777 2721 lint
793 2648 1090 2747 obtemperaturi,
1108 2650 1187 2725 cirin
1205 2656 1307 2727 etiam
1326 2660 1420 2729 nune'

220 2746 336 2821 tacite
364 2747 562 2821 Concilium
585 2742 742 2819 detestati
764 2744 978 2835 videantur,
1003 2744 1143 2841 ejusque
1163 2752 1420 2845 provocatione
1564 2812 1570 2819 .

221 2844 267 2915 ad
289 2844 464 2936 quandam
482 2837 670 2915 honestatis
693 2838 845 2935 speciem
871 2842 1044 2916 utantur?
1067 2842 1265 2918 Smanarda
1290 2870 1419 2923 novam

222 2938 341 3011 rursus
366 2940 516 3033 parturit
542 2936 772 3031 tragaediam,
796 2956 838 3009 ac
860 2936 999 3029 Judicio
1021 2934 1178 3022 Camerae
1200 2944 1273 3015 dira
1293 2942 1415 3018 Prote-

221 3033 350 3109 stantes
376 3036 574 3121 minantur,
599 3029 695 3127 quod
722 3032 765 3105 ad
791 3034 944 3107 violenta
968 3055 1091 3105 eorum
1106 3032 1148 3108 de
1165 3035 1413 3113 Ecclefiasticis

222 3131 327 3203 rebus
346 3129 456 3223 spolia
472 3130 661 3203 connivere
676 3125 845 3201 haerentis
861 3154 931 3203 non
956 3133 1128 3224 potuerit.
1177 3130 1342 3221 Quorum
1363 3136 1412 3207 ita

215 3226 288 3320 jam
316 3226 465 3299 increvit
483 3222 714 3319 conspiratio,
735 3244 776 3296 ut
792 3224 884 3297 hisce
899 3224 1089 3323 praesertim
1105 3228 1320 3319 temporibus
1332 3228 1410 3300 Cae·

215 3322 327 3411 sarem
343 3345 384 3395 ac
402 3318 536 3416 Regem
550 3318 741 3403 Francico,
765 3318 992 3413 Turricoque
1008 3320 1323 3414 belloimpeditos,
1349 3344 1409 3397 eo-

214 3440 295 3489 rum
311 3417 491 3489 conatibus
515 3416 640 3490 cedere
668 3434 782 3509 prope
807 3412 847 3489 iit
866 3411 1007 3487 necess'e.
1042 3412 1127 3503 Qut
1148 3418 1184 3487 in
1200 3415 1300 3491 ouh
1324 3419 1407 3515 quid

217 3510 358 3586 efficere
381 3514 495 3585 valeat
520 3512 566 3583 D.
591 3512 730 3585 Mathia
753 3512 903 3606 legatio,
934 3506 1065 3602 tuipse
1087 3509 1190 3585 facile
1214 3516 1406 3610 conjectare

215 3628 335 3703 potes.
384 3602 484 3677 Vale.
511 3604 622 3700 Spirae
651 3628 704 3679 rr.
728 3604 909 3680 Februarii
936 3624 1039 3699 1537.

214 3800 278 3933 nr
303 3780 1288 3963 nter{reuerterentur-snd
1304 3784 1402 3956 tsi:
1436 3867 1439 3870 -

212 3949 255 4016 Et
273 3950 399 4016 Achillis
409 3946 550 4015 rrrmrmr
563 3946 615 4014 Ga
641 3953 691 4024 arr·
709 3951 831 4017 annales
846 3946 1098 4035 Augsiburgerrfis
1110 3950 1195 4033 apud
1205 3950 1399 4021 Mmkenr‘um

212 4033 285 4108 Βῆ.
307 4032 410 4103 Germ.
424 4031 518 4119 scrip.
543 4047 614 4099 rom.
637 4048 667 4100 1.
687 4032 740 4097 roi.
763 4035 857 4117 1804.

220 4362 412 4456 'Turdi
719 4423 725 4433 -
838 4378 910 4477 Gg
